1974 2500
541 258 1204 318 embusche si durement quilz pour-
539 312 1202 370 ront tesmoigner se ilz retournent en
537 360 1200 420 leur pais quilz nont mie trouue les
537 404 1202 464 ribaulx garcõs quilz cuidoient trou
539 454 1198 522 uer en uostre terre. Et le roy bã res
541 514 1175 572 pont quil fera tout a sa uoulente.
537 560 1200 620 Lors sen partirent lung de lautre ⁊
541 614 1202 668 allerent charcer leurs compaignõs
544 664 1200 722 Si amasserent premier les cheua-
539 712 1202 770 liers de la table ronde et puis le roy
539 756 1204 820 artus et le roy boors, et puis apres
539 816 1206 868 les quarante soudoiers qui furent
539 868 1206 920 menez en thamelide ⁊ puis les. xui
537 908 1204 972 cheualiers nouueaulx. Et quant
537 958 1204 1020 ilz furent tous assemblez si furent
537 1016 1202 1072 troys centz cheualliers par compte
539 1056 1204 1125 fait qui estoit toute la fleur de la
539 1106 1206 1170 cheualerie de lost. Ei tout ainsi cõ
539 1164 1206 1220 me ilz se serroiẽt arriere a une part
539 1206 1208 1275 uint aliaume le senechal de benoic
539 1258 1206 1327 a tout cinq mille hommes biẽ acou-
539 1314 1208 1381 strez qui entrerẽt en la bataille a sy
539 1366 1208 1431 grant aleure comme les cheuaulx
541 1420 1213 1475 les peurent porter et commencerẽt
539 1464 1211 1527 haultement a escrier lenseigne au
544 1520 1208 1575 roy ban de benoic. Lors eussez ueu
546 1564 1213 1627 rompre ces lances et ruer gensdar
544 1614 1208 1677 mes parterre et si grãs froissis dhõ
544 1668 1213 1722 mes et de cheuaux que cestoit hor
548 1712 1211 1781 reur et pitie a ueoir. Apres uĩt mes
546 1770 1206 1831 sire graciens a tout cinq mille/ aul-
546 1818 1211 1875 tres hommes qui se ferit en my la
548 1860 1215 1931 presse si durement quil fist guerpir
550 1925 1206 1977 la place a leurs aduersaires uoul-
550 1964 1206 2054 sissent ou non. Lors sespandirẽt les
1234 258 1886 318 compaignons en my les prez ⁊ la cõ
1225 300 1888 372 menca une bataille si tres mortelle
1229 345 1890 418 que maint enfant de franche mere
1231 404 1892 466 y mourut a tort et sans cause dont
1229 450 1892 518 saincte eglise en abaissa durement
1231 504 1894 568 Car il en mourut tant dune part
1229 550 1894 618 que daultre plus de quarante mil
1227 602 1896 668 le. Et tout par la desloyaulte du
1229 652 1896 718 roy claudas de la terre deserte qui
1229 706 1894 772 puis apres en eut son guerdon aĩsy
1229 756 1898 818 que lystoire le racõpte, car il en fut
1229 806 1892 870 desherite puis apres, car le roy bo-
1229 856 1898 920 ors en print si grant uengeance. Et
1227 912 1896 979 lãcelot du lac apres quil eut le roy
1229 962 1898 1022 aulme de logres en sa main apres
1229 1008 1901 1070 la mort du roy artus. Car il print
1229 1056 1898 1122 le roy claudas et lui coupa la teste
1229 1116 1901 1175 toute chanue en my la forest de dar
1231 1166 1901 1222 nantes ou il le rencontra cõme ung
1234 1212 1903 1272 paunier. Car il sen estoit party tout
1234 1260 1901 1327 seul sãs le sceu de nul hõme a tout
1229 1310 1896 1377 trois coutyaulx dont il cuydoit oc-
1234 1370 1903 1427 cire en traison lancelot ⁊ lyõnel son
1229 1412 1905 1485 frere et hector son cousin qui tãt fut
1238 1470 1898 1527 preux et hardy. Ainsi comme le cõ-
1236 1512 1898 1577 pte le deuisera ca auant. Et si or-
1234 1568 1898 1627 rez comme il fut saisi par nynianne
1238 1614 1901 1677 qui tant ayma la dame du lac qui
1236 1664 1898 1731 lancelot nourit iusques au temps qͥ
1234 1714 1896 1781 fut fait cheualier. Mais a tant se
1234 1770 1898 1827 taist le compte deulx et retourne a
1236 1814 1898 1883 parler de la bataille qui est deuãt
1236 1875 1640 1933 le chastel de trebes.
