2006 2500
173 1189 723 1262 OR dit icy le compte q̃ moult
133 1243 715 1312 fut grande la bataille et cru
47 1289 717 1356 elle deuant Le chastel de trebes
47 1335 715 1416 quant les deux escheilles de aliau
43 1393 717 1462 me et de graciens arriuerent en la
45 1437 713 1514 bataille a lencontre du duc froil-
43 1495 715 1562 les et de pointes anthoine qͥestoiẽt
43 1539 711 1616 meslez lung pesle mesle auecques
47 1600 713 1666 les gens au roy artus qui se comba
43 1643 711 1714 toient moult durement dune part
39 1695 708 1770 et daultre Mais quant ilz se furẽt
39 1741 708 1825 espãduz aual la praierie len ne sca
39 1800 708 1877 uoit a dire lequel auoit la meilleu
41 1852 708 1922 re Car ceulx de deuers le roy clau
43 1897 700 1987 das estoient encores plus de qua-
752 1195 1420 1275 rante cinq mille bons combatans.
754 1254 1422 1314 Et le roy artus nẽ auoit pas plꝰ de
756 1302 1424 1379 quarãte huit mille Si estoiẽt quasi
752 1354 1422 1429 egaulx a cõbatre, car on auoit reti-
750 1404 1422 1479 re hors de lost les trois centz cheua
746 1452 1422 1531 liers qui estoiẽt toute la fleur de la
746 1504 1417 1581 bataille en une embuche loing de
746 1556 1420 1633 lost ⁊ la resenglerẽt leurs cheuaulx
746 1608 1413 1685 ⁊ se refreschirent ⁊ misdrẽt leurs he
742 1662 1415 1733 aulmes a poĩt. Et si tost q̃ les trois
740 1714 1413 1789 cẽtz cheualiers sen furẽt deꝑtiz de
740 1764 1411 1833 lost les gens au roy claudas sen uĩ
738 1818 1411 1887 drẽt sur les gẽs du roy artꝰ et les en
734 1864 1407 1939 chacerẽt plus de demie lieue loing
736 1918 1407 2004 ⁊ les firẽt sortir hors des temptes ⁊
1113 1968 1301 2072 CCC.i.
392 154 502 256 Merlin
980 191 1274 266 Fueillet xiii
