1986 2500
543 266 1208 327 des pauillons quilz auoient prins
541 310 1206 377 ⁊ gaignez sur eulx Mais ne demou
541 356 1208 431 ra pas grãment q̃ tout ne fust bien
543 408 1204 483 tost rẽuerse, car aultremẽt alla qͥlz
545 472 816 541 ne cuydoient.
652 552 1208 637 ENtandis q̃ les rõmains ⁊ les
631 610 1210 685 allemãs ⁊ ceulx de gaule et
545 658 1214 735 ceulx de la terre deserte se penoiẽt
548 718 1214 783 a descõfire ceulx du royaulme de lo
550 764 1214 845 gres ⁊ de la petite bretaigne qui en
550 814 1217 893 auoiẽt pour lors le pire. Et deuãt
552 864 1210 939 en auoiẽt eu tousiours le meilleur.
556 912 1214 997 Si sesmerueilloiẽt mõlt les gẽs du
554 960 1219 1045 roy artus q̃ leurs prouesses estoiẽt
554 1016 1214 1097 deuenuz Mais ceulx ny estoiẽt mie
556 1058 1219 1141 qͥ les grãs faitz darmes faisoiẽt Si
554 1108 1225 1193 en furẽt moult esbahis ⁊ en estoiẽt
554 1168 1219 1250 moult desconfortez, pource q̃ nulle
556 1210 1223 1291 nouuelle ne scauoiẽt qͥlz estoient de
556 1266 1229 1347 uenuz, non pourtãt se deffendoiẽt
558 1316 1225 1402 au mieulx qͥlz pouoiẽt, car biẽ scay-
562 1366 1223 1452 uent q̃ silz ont ꝑdu les aultres q̃ toꝰ
564 1420 1223 1504 sont mors et occiz. Et tandis qͥlz es-
564 1470 1231 1550 toiẽt ainsi en ce tourmẽt uit fariens
566 1516 1229 1593 de gennes lenseigne en la main a
566 1566 1229 1643 tout cinq mille fers armez Et ꝙͣt le
568 1625 1237 1691 roy claudas les uoit uenir si les cõ-
573 1675 1237 1750 gnoist moult biẽ a la baniere. Lors
573 1725 1239 1793 le redoubta moult, car aultreffoys
575 1772 1235 1850 lauoit essaie en maĩtes manieres.
579 1818 1242 1900 Adõc ꝯmẽca a serrer une ꝑtie de ses
579 1877 1239 1954 gẽs ⁊ dist a poĩtes ãthoine ⁊ a froil-
581 1927 1244 2010 les qͥlz pensassẽt de biẽ faire ⁊ de se
585 1977 1244 2075 uẽger de leurs ennemis. Et ie mẽ
1229 252 1898 322 uois au deuãt de ceulx la qͥ uiẽnent
1233 291 1900 364 nouuellemẽt. Et si uous pouez tãt
1235 343 1898 414 faire de uous mettre au deuãt des
1237 391 1896 475 aultres qͥlz ne me uoiẽt point en al-
1239 441 1902 514 ler ie uous deliureray biẽ ceulx qui
1244 493 1904 564 uiennẽt, car cest lhõme du mõde qͥ
1242 550 1902 618 plus aultreffois ma greue q̃ celluy
1244 602 1906 668 qͥ maine larmee. Et saichez si nous
1242 647 1908 716 le pouõs prẽdre ou occire ilz auront
1244 693 1908 779 ꝑdu ung de leurs meilleurs mẽbres
1244 750 1904 818 qͥlz aient. Or allez, dirẽt les aul-
1244 800 1908 868 tres, car uous nauez q̃ demourer.
1248 854 1915 918 A tãt sen part le roy claudas a tout
1248 902 1913 972 dix mille hõmes armez ⁊ cheuau-
1246 952 1915 1020 chẽt au deuãt de fariẽs les escuz a
1248 997 1915 1068 leurs coulz ⁊ les lãces sur leurs cuis
1252 1050 1908 1129 ses. Et ꝙͣt fariẽs le uoit uenir si les
1250 1102 1921 1175 uiẽt a lencõtre moult hardiemẽt cõ
1254 1156 1921 1222 me cellui qͥ estoit moult preux ⁊ har
1254 1206 1919 1277 dy de cueur et saige en guerre ⁊ le
1258 1252 1896 1331 plus loyal quon eust sceu trouuer.
1260 1297 1921 1372 Et quãt ilz sentre aprouchẽt ilz lais
1267 1347 1927 1433 sent courir leurs cheuaux de si grãt
1260 1400 1927 1477 aleure les ungs ꝯtre les autres tãt
1260 1454 1927 1525 cõe ilz peurẽt aller les lances soubz
1260 1504 1927 1577 leurs esselles si gecterẽt les ungs
1262 1552 1927 1627 les aultres par terre. Mais ains qͥl
1264 1606 1927 1679 fust gueres fut fariens a trop grant
1264 1654 1929 1727 meschief. Car le roy claudas auoit
1267 1708 1902 1779 la moictie plus de gens que luy.
1271 1752 1933 1833 Lors fut la bataille dure ⁊ merueil
1269 1806 1931 1879 leuse et se deffendit moult bien fa
1271 1858 1931 1933 riens. Car luy et ses gens estoyent
1273 1914 1935 1985 tous fraitz. Et le roy claudas ⁊ ses
1275 1962 1933 2058 gens se estoient ia si fort/ combatus
