1995 2500
360 158 502 239 Merlin
77 241 742 289 quilz en estoient tous matz ⁊ lassez
81 279 740 337 Cy perdit plus tant pourtant q̃ ne
83 329 740 393 fist fariens Et si neussent este tant
79 381 737 439 de gens comme ilz estoient Fariẽs
75 427 735 489 les eust tous desconfiz. Toutes-
72 479 737 539 uois conuint il guerpir la place a fa
75 527 735 587 riens et a ses gens et furent rẽuer-
75 577 735 650 sez iusques dedẽs le boys dont ilz
79 629 283 691 uenoyent.
179 677 731 752 QUãt le roy claudas uoit que
156 733 735 793 fariens et ses gens recullent
70 783 735 852 si fort il les cuide bien ia auoir uain
72 839 735 895 cus Si les suyt moult de pres ⁊ les
70 885 733 945 tient si court qu a peine ont il loysir
68 929 733 993 deulx couurir de leurs escuz ne tãt
68 983 731 1054 ne quant Si en est fariens si dolẽt
68 1037 729 1106 qua paine quil nenraige. Lors com
66 1089 731 1150 mẽce a escrier son enseigne gẽnes
70 1135 731 1202 souuẽt et menu. Mais riens ne luy
66 1187 733 1252 uault, car les aultres les pourchas
64 1237 733 1300 soiẽt de si pres a coups de lances
66 1289 731 1350 et despees sur leurs heaulmes que
64 1341 731 1402 mestier nauoient de plus arrester
66 1387 729 1452 Nonobstãt cõuĩt il a fariẽs et a ses
66 1447 731 1504 nobles cheualiers dõt il auoit grãt
66 1491 729 1560 plante dendurer pour celle fois les
64 1543 727 1610 horions q̃ les aultres leur dõnoiẽt
75 1591 723 1660 Toutesuois il en demoura enco-
66 1645 725 1706 res derriere la mõtãce de sept cẽtz
66 1691 721 1758 cheualiers qͥ eurẽt gentil couraige
68 1745 725 1806 qͥ firent de moult beaulx coups les
68 1797 721 1866 ungs pour deffendre les aultres.
68 1847 729 1908 Mais en la fin y fussent ilz demou
70 1897 727 1970 rez si neust este leõces le sire de pa
72 1945 727 2039 erne qͥ les uint secourir a force dar
925 183 1219 247 Fueillet. xiiii
758 225 1432 293 mes a tout cĩq mille hõmes biẽ mõ
760 279 1432 341 tez Et quãt leõces approucha de la
760 329 1432 391 bataille ⁊ uit que fariẽs estoit en si
765 381 1427 441 grãt meschief si uint si angoisseuse
765 431 1430 493 ment sur ceulx qͥ ne taichoiẽt q̃ a le
765 483 1430 541 descõfire q̃ plus de trois mille en
760 529 1430 602 furẽt mis par terre si malem̃t q̃ onc
760 587 1425 650 que puis neurent talẽt de cõbatre
760 633 1427 693 de quĩze iours entiers, car la plus
762 691 1425 745 part en furẽt naurez a mort sãs ia-
758 735 1427 800 mais auoir guarison Alors acouru
758 787 1427 850 rẽt ceulx qͥ sen fuyoiẽt ⁊ reuĩdrẽt sur
758 837 1427 902 les gẽs du roy claudas de si grant
756 889 1423 952 couraige q̃ il sẽbloit a les ueoir q̃ se
758 937 1425 1002 fussẽt loups enraigez qͥ deuorassẽt
754 991 1425 1054 les brebis aux chãps Adõc il cõuint
758 1043 1423 1102 au roy claudas sarrester uousist ou
754 1089 1421 1150 non. Et fut la bataile de deux cou-
758 1141 1421 1208 stez si tres cruelle quõ neust sceu a
752 1191 1417 1256 dire lesqͥeulx auoient lameilleure.
756 1247 1419 1304 Et ꝙͣt fariẽs ⁊ leõces furẽt ensẽble
752 1293 1417 1352 ilz furẽt quasi ꝑ egaulx De lautre
750 1345 1419 1406 couste se cõbatoiẽt tousiours ceulx
752 1393 1415 1462 du royaulme de logres encõtre poĩ
750 1445 1417 1506 tes anthone ⁊ le duc froilles ⁊ ran
748 1495 1413 1556 doilles le seneschal de gaule ou il y
750 1543 1413 1612 eut grãt occisiõ dune part ⁊ daultre
750 1600 1413 1662 Mais mõt estoiẽt descõfortez ceulx
750 1645 1413 1710 du royaume de logres põrce qͥlz ne
754 1695 1411 1760 ueoiẽt point ceulx qͥ garder les de
746 1747 1411 1812 uoiente Et silz neussent este tant de
748 1800 1407 1870 preudhomes cõme ilz estoiẽt ilz eus
744 1856 1411 1916 sent ia pieca este toꝰ descõfitz ⁊ cha
742 1900 1407 1964 ciez hors du chãp. Et quãt merlin
744 1956 1407 2039 qͥ toutes choses sauoit seust q̃ ceulx
1125 2025 1307 2093 CCC.ii
