1986 2500
548 233 1208 297 du royaulme de logres estoiẽt en
548 277 1206 354 si grãt tourmẽt. Si sen uint la ou le
543 333 1206 397 roy artus et le roy bã et le roy boors
545 385 1204 447 et mõseigneur gauuain et ou toute
543 429 1208 497 la fleur de cheualerie estoit embu
543 477 1208 543 chiee en la forest ⁊ leur dist. Cõmẽt
545 529 1206 606 seigneurs barõs. Estes uous uenꝰ
543 581 1206 647 en ce pais icy pour seiourner. Et
545 637 1208 697 pour regarder les tournoiemẽs ⁊ ue
543 681 1210 747 oir les prouesses q̃ les cheualliers
543 727 1210 795 de ce pais scaiuẽt faire. Saichez q̃
543 779 1210 847 cest une chose dõt mal lauez exploi
545 833 1210 897 ctie Car mõlt y ont ꝑdu ceulx de uo
548 879 1208 956 sire pais en la batataille depuis q̃
545 937 1210 1000 les auez laissez car mõlt sõt effraiez
548 981 1212 1050 de ce qͥlz ne uoꝰ uoiẽt poĩt. Et pour
548 1039 1212 1100 dieu seigneurs ie uous prie q̃ uous
548 1087 1210 1152 regardez au seiour q̃ auez fait et sy
548 1137 1212 1204 uous plaist uẽdez le biẽ a ceulx qͥ ne
548 1187 1212 1254 pourrõt eschapper de uoz maĩs, af-
550 1229 1212 1308 fin qͥlz ne puissẽt dire le tẽps adue-
548 1289 1217 1352 nir q̃ ceulx du royaulme de logres
550 1333 1217 1402 ne sõt mie pautõniers ne lasches ry
550 1391 1214 1454 baulx ains soiẽt tenus pour preud-
552 1445 1219 1502 hommes ⁊ bõs cheualiers. Et puis
554 1487 1217 1554 dist merlĩ au roy artus. Sire est ce
554 1541 1219 1604 le guerdon q̃ le roy ban et le roy bo-
554 1589 1223 1656 ors uous ont fait qͥ tant de foys ont
556 1639 1221 1704 mis leurs corps en dãgier de mort
556 1687 1221 1762 pour uous aider ⁊ secourir a toꝰ uoz
558 1747 1223 1812 besoings ainsi cõme uous le scauez
558 1789 1221 1866 bien. Et maintenãt auez laisse toꝰ
562 1841 1225 1906 uoz gens qͥ ont guerpy la place. Et
562 1893 1225 1958 uous uous estes uenu mucer icy et
566 1937 1223 2047 tapir de paour et de couardise sai
1235 227 1896 289 chez q̃ cest une chose q̃ uostre amye
1235 275 1900 339 uous reprouchera une foys ꝙͣt elle
1235 320 1900 387 le scaura. Auez uous omblie gene
1235 372 1900 439 uieure la fille au roy leodagan de
1235 420 1902 489 thamelide. Et q̃ dira/ elle de uous
1237 472 1904 537 qͥ cuidera auoir espouse le plus har
1239 522 1902 593 dy cheualier du mõde. Quãt le roy
1239 581 1904 645 artus entẽt les ꝑolles de merlin sy
1239 625 1906 693 rougit de hõte ne oncq̃s ne dist ung
1239 672 1904 739 tout seult mot fors tãt qͥl getta ung
1244 725 1906 795 grãt soupir. Mais tout tressue de lã
1246 777 1908 847 goisse qͥl a. Et daultre part a paour
1244 835 1906 895 q̃ merlin ne soit cource encõtre luy.
1246 875 1910 954 Ap̃s sen uiẽt merlin a mõseigneur
1246 933 1910 991 gauuain ⁊ a ses cõpaignons et leur
1244 975 1913 1043 dist. Cõmẽt seigñrs barõs sõt ce les
1246 1022 1913 1097 prouesses dõt uous uoꝰ souliez uan
1246 1077 1910 1154 ter au royaulme de logres auant q̃
1248 1129 1913 1200 fussiez cheualiers Et depuis q̃ auez
1248 1179 1913 1243 este faitz nouueaulx cheualiers di
1250 1227 1913 1297 siez uoꝰ q̃ uous uẽdriez tournoier en
1248 1285 1913 1345 la petite bretaigne sur uoz ẽnemis
1250 1327 1915 1402 et uerriez cõment ilz scaiuẽt armes
1250 1383 1915 1445 porter. Or maĩtenãt les auez ueuz
1250 1431 1913 1500 cõme bõs cheualiers qͥlz sõt et biẽ y
1252 1479 1913 1554 pert, car de la paour qͥlz uoꝰ ont fai-
1250 1529 1917 1604 cte uous estes uous icy uenꝰ mucer
1254 1585 1915 1647 Et puis dist au roy bã ⁊ au roy bo-
1256 1631 1915 1710 ors. Et uoꝰ aussi seigñrs q̃stes uoꝰ
1260 1683 1913 1758 uenus icy q̃rre en ce pais qui deus
1254 1729 1915 1806 siez estre preux ⁊ hardis. Uous mõ
1254 1785 1915 1856 strez que nestes pas saiges dauoir
1252 1829 1917 1902 creu ainsi ces couars qui cy, uoꝰ ont
1254 1891 1917 1962 fait cacher ⁊ tapir et ont les cueurs
1254 1931 1913 2045 et les couraiges plaĩs de couardise
