1986 2500
658 233 1208 310 QUant merlin eut prĩs le dra
639 287 1202 358 gon en la main de lreux le se
541 331 1204 402 neschal il se mist en chemin tout le
545 385 1204 462 premier sur ung grant cheual noir
543 433 1204 504 cõme more qui a merueilles le por
543 489 1204 552 toit isnellement. Et quãt il approu
543 537 1206 602 che de la bataille si se fiert entreux
545 587 1202 660 si duremẽt que tous les rens en fre
543 637 1204 704 missent et bruyent iusques la ou le
545 685 1208 750 duc froilles estoit et pointes et an
545 735 1206 806 thoines et randoilles qui se comba-
548 789 1208 858 toient moult durement a ceulx du
548 837 1210 904 royaulme de logres et bien les cui
548 889 1208 956 doiẽt auoir desconfitz, si auoiẽt tãt
550 937 1206 1012 fait q̃ a biẽ pres ne sen; failit qͥlz ne
550 989 1210 1058 furent desbarretez et astoiẽt quasi
550 1043 1210 1114 uaincus et sen uouloient fouyr; dõt
552 1089 1212 1162 furẽt moult dolẽs et courcez ceulx
550 1143 1214 1206 du chastel de trebes qͥ bien ueoiẽt
550 1189 1214 1258 la bataille. Lors auoit le ans enuirõ
554 1239 1217 1308 de six a sept cẽtz ieunes bacheliers
556 1293 1214 1362 qui yssirẽt hors du chastel tous ar-
554 1347 1221 1410 mez ⁊ monterent sur leurs cheuaux
558 1391 1221 1470 Si les conduysoit ung ieune cheua
556 1452 1219 1512 lier nomme bannis filz de messire
558 1493 1221 1572 gracien de trebes ⁊ estoit filleul au
558 1541 1221 1614 roy ban. Et nonobstant quil feust
560 1597 1223 1664 ieune si estoit il moult preux cheua
560 1647 1223 1716 lier. Et quãt ilz arriuerent en la ba
556 1693 1223 1764 toille si commencerẽt moult bien a
564 1747 1223 1825 faire cõe ieunes escuiers et sorians
564 1797 1227 1875 quilz estoient. Si soustindrent mõlt
564 1845 1227 1914 ceulx qui estoient pres que descon
568 1904 1225 1972 fitz Et pour uray si neust este ce pe
568 1950 1229 2039 tit secours qui leur uint ilz eussent
1229 233 1844 295 tourne le doz pieca aux aultres.
1331 327 1890 402 ATant uint merlin a toute sa
1312 379 1888 452 compaignie qui furent enco-
1235 427 1896 495 res plus de mille que ungs que au
1235 481 1892 550 tres tous bons cheualiers. Si por-
1235 529 1894 604 toit le dragon en la main qui get-
1237 581 1898 643 toit par la gueule si grans brandõs
1239 633 1896 695 de feu que lair qui estoit noir en de
1239 675 1900 745 uenoit rouge. Si fist leuer ung uẽt
1242 729 1896 797 et une poulciere parmy les aduer-
1239 775 1902 847 saires qu a peine pouoient ilz ueoir
1237 825 1902 897 les ungs les aultres. Adonc disoiẽt
1239 881 1902 950 que nostre sire se uouloit uenger de
1242 929 1908 1000 eulx et que cestoit aucun signe quil
1239 985 1908 1052 leur monstroit. Lors furent si espou
1242 1033 1910 1102 entez les plus hardiz qͥlz ne scauoiẽt
1244 1083 1910 1156 que faire ne que dire. Et change a
1246 1135 1910 1197 toute la bataille, car ceulx qͥ auoiẽt
1246 1181 1906 1252 la pire eurent la meilleur. Car sy
1246 1235 1910 1302 tost comme les mille compaignons
1250 1281 1913 1362 furent entrez en la bataille ilz com
1248 1339 1915 1402 mencerent a faire merueilles dar
1250 1391 1910 1454 mes, car ilz abatoient gens et che-
1250 1433 1917 1502 uaux tant que en pou dheure furẽt
1254 1493 1913 1554 apperceuz de tous ceulx de la ba-
1254 1535 1913 1610 taille. Adonc fist merueilles de sõ
1254 1583 1913 1658 corps le roy artus. Car il getta son
1256 1637 1908 1706 escu contre terre ⁊ print sa bonne es
1258 1687 1915 1758 pee a deux mains et cõmenca a oc
1258 1739 1917 1814 cire et detrẽcher tout ce quil attaĩt
1262 1783 1919 1864 Si lui fuyrent tous ceulx qͥ le uoiẽt
1260 1841 1919 1916 Car ses coups ne peulent nul endu
1258 1883 1917 1966 rer. Cy dit le compte que de celle
1256 1937 1915 2039 reuenue deuant quil se cessast quil
