1995 2500
291 202 439 241 Merlin
75 220 733 289 occist ou naura plus de cinq centz
75 281 731 339 hommes, dont grant dommaige
75 327 737 397 fut a la crestiente. Et tout ce fist il
75 387 735 450 pource q̃ merlin lauoit appelle cou
77 439 729 497 art et pour les rampones qui lui a-
72 483 727 541 uoit dictes si tenoit la resne de son
75 539 733 597 cheual liee a son senestre bras ⁊ le
72 583 731 645 laissoit aller la ou il uouloit a sa uo-
72 633 731 697 lente Daultre part faisoient mer
70 681 731 745 ueilles le roy ban ⁊le roy boors, car
68 729 731 804 moult se penoiẽt de leurs ennemis
70 785 729 854 greuer et nuyre a leur pouoir. Et
70 837 727 897 tousiours alloient ou ilz uenoiẽt les
72 887 727 945 plus grans presses et grans monce
70 937 729 1004 aulx de la bataille. Mais le roy ar
68 979 729 1047 tus se mettoit si auant dedens, la
68 1035 727 1097 bataille quon ne scauoit quil deue
68 1089 729 1152 noit. Et aussi firẽt apres le roy ban
70 1141 725 1204 et son frere. Et quant les compai-
70 1195 729 1252 gnons de la table ronde uirent/ que
68 1243 729 1302 ilz les auoient perdus si commence
70 1291 731 1360 rent a faire ung desroy si grant et
72 1337 729 1410 si merueilleux que lung ne attẽdit
70 1393 729 1456 point lautre Aussi firent les quarã
68 1445 727 1508 te compaignons que le cõpte a aul
68 1495 727 1560 treffois nõmez. Et les dixhuit da
68 1550 727 1612 moise aulxqui nouuellemẽt auoiẽt
68 1593 723 1656 este faitz cheualiers. Lors commẽ-
68 1645 725 1712 cerẽt tous a faire si aspre meslee ꝑ
68 1700 727 1766 my la bataille que tous y perdirent
68 1745 727 1810 les ungs les aultres ne ne scauoiẽt
70 1797 727 1860 quelle part ilz tournoient Mais sou
70 1845 725 1910 uenteffois aduenoit quilz sentrerẽ-
70 1897 727 1964 cõtrerent defoys en aultre et puis
83 1947 719 2041 sẽtreperdoiẽt. A celle uenue le fist
948 172 1238 254 fueillet xui
765 229 1434 297 moult bien saigremors de coustan
765 283 1436 356 tinoble. Et dit le compte quil fut
767 335 1432 406 tenu lun des meilleurs cheualiers
767 387 1432 458 de tout lost Et aussi fist galachin
767 443 1430 508 tant darmes q̃ par plusieurs foys
769 491 1430 560 fut monstre o le doy. Daultre cou
767 543 1430 610 ste se porte moult bien messire yuaĩ
765 595 1430 652 le filz au roy uriẽ ⁊ les troys freres
765 643 1430 708 monseigneur gauuain qͥ se tindrent
767 697 1427 754 toute iour ẽsemble que departir ne
767 745 1427 812 se uoulurent. Si firẽt tant darmes
769 795 1425 864 que moult en furent prisez et louez
769 850 1421 914 Car quant lung estoit abatu lau-
765 897 1421 958 tre uenoit qui le deffendoit Si ad-
765 945 1419 1016 uint que agrauaĩ fut abatu de dessꝰ
765 991 1423 1062 son cheual a/ terre et son cheual oc-
765 1041 1430 1110 ciz. ¶ Mais il se releue si soudoi
762 1104 1427 1168 ment sur piez Aussi legierement
767 1152 1359 1220 Que sil neust point este arme.
765 1202 1427 1268 Lors se deffend de son espee qͥ mõlt
765 1254 1423 1314 estoit bonne et frappe a dextre ⁊ a
765 1306 1423 1370 senestre si grans coups que nul no
765 1356 1423 1412 se approucher de lui. Mais moult
762 1402 1421 1466 feust il a grãt necessite si ses freres
760 1456 1421 1520 ne lui feussent uenu aider et secou
760 1506 1421 1568 rir A tant laduisa garehet qͥ tenoit
760 1560 1421 1620 lespieu au poing et sen uint courir
760 1608 1419 1670 de si grant roideur celle part en la
758 1656 1419 1729 presse ou son frere estoit abbatu et
756 1712 1417 1779 uint rencontrer ung cheualier nom
756 1760 1415 1829 me messire laurens de la tour cou
754 1812 1411 1875 sin au duc froilles qui moult se pe
752 1858 1413 1927 noit de prendre sõ frere agrauain
752 1906 1407 1983 et lui bailla si grant coup sur son es
756 1968 1407 2043 cu quil le perca tout oultre ⁊ le rua
