1989 2500
539 281 1200 341 par terre homme ⁊ cheual. Puis re
539 310 1198 383 uĩt gaheriet son autre frere lespee
544 356 1200 431 au poing qui tant fist darmes sur
542 408 1198 479 les gens de froilles qui se comba-
544 464 1200 533 toient a agrauain qͥ tous les fist re-
546 514 1207 581 culler et guerpir place. A donc ꝙͣt a
548 564 1207 637 grauain uit le secours de ses deux
548 606 1207 685 freres si commenca a frapper de si
548 658 1209 739 grans coups au tour de luy q̃ tant
550 712 1209 787 fist quil gaigna ung cheual et mon
550 768 1211 831 ta dessus. Lors recommenca la ba
554 810 1213 881 taille plus belle que deuant. Si cõ
554 858 1215 929 mencerent les troys freres a courir
554 910 1213 981 les rens tous ensẽble tant que chas
556 962 1215 1033 cun qͥ les uit uenir se serroit et leur
558 1010 1215 1085 faisoit place. Mais ilz ne furent al
558 1064 1219 1133 lez gueres auãt en la bataille quilz
558 1110 1221 1181 ne rencõtrerẽt en my leur uoie mes
562 1160 1223 1243 sire yuain de leonnel qͥ estoit a grãt
562 1212 1223 1285 meschief qui se cõbatoit cõtre plus
562 1268 1225 1335 de douze allemans et luy auoient
565 1312 1228 1385 la son cheual occiz entre les iambes
569 1368 1228 1435 Mais il tenoit lespee au poing ⁊ se
569 1418 1232 1483 deffendoit uaillamment. Si le uit
573 1470 1232 1537 premier agrauain et luy uit bailler
571 1518 1230 1585 tant de coups quil fut abbatu a ter-
575 1568 1236 1633 re par troys ou quattre foys dont
579 1618 1230 1687 grant deul en eut en son couraige
579 1668 1207 1735 et cuidoit bien quilz leussent occiz.
581 1714 1238 1787 Lors picque le cheual des esperõs
581 1770 1236 1833 de si grant roideur comme le che-
581 1818 1240 1885 ual le peut porter ⁊ uint ferir le pre
581 1872 1244 1931 mier quil rencontra dessus le heau
585 1918 1244 1983 me si grant coup quil le fendit ius-
1230 252 1897 316 heriet et sõ frere garehet a pointes
1236 302 1893 366 de leurs cheuaux de si grant ran-
1236 343 1897 418 don les espees aux poĩgs ⁊ uindrẽt
1236 393 1895 477 frapper sur la meslee ou estoit mes
1236 445 1897 518 sire yuain si quilz les firent tous fre
1238 491 1901 570 mir et trembler ⁊ tant firent q̃ yuaĩ
1238 550 1905 618 fut remonte uoulsissent les autres
1240 602 1901 668 ou non. Daultre part se combaty-
1244 641 1905 720 rent tant troys compaignons de la
1240 691 1905 775 table rõde que leur prouesse ne est
1244 752 1903 822 pas a mettre en ombly. Ce fut na-
1244 800 1905 875 stiens adragais et heruy de rueil.
1248 841 1911 922 Car par ou ilz passoient faisoient
1246 891 1907 970 les rens fremir et trembler et chas-
1246 952 1913 1018 cun fuyoit deuant eulx comme les
1248 997 1913 1068 brebis deuant les loups. Mais sur
1250 1043 1913 1122 tous les aultres le fist bien messire
1253 1093 1913 1177 gauuain. Si ne est pas possible de
1255 1152 1918 1218 racompter les merueilleuses prou
1257 1202 1918 1270 esses quil faisoit de son corps. Car
1257 1254 1916 1327 parmy la bataille il se fourroit si a-
1259 1297 1922 1375 uant quon ne scauoit quil deuenoit
1257 1352 1920 1420 non plus que sil fust fondu en terre
1263 1404 1924 1475 Et ses freres qui toute iour le char
1263 1445 1922 1529 coient ne le peurent oncques ueoir
1263 1497 1924 1577 ne rencontrer depuis quil fut deulx
1265 1556 1467 1629 departy.
1378 1645 1928 1735 QUãt messire gauuain se fut
1361 1708 1928 1783 plonge en la meslee si charca
1269 1756 1928 1829 tant les rẽs quil trouua randoilles
1267 1797 1922 1881 le senechal de gaule. Et si tost cõ-
1267 1847 1926 1931 me il le uit si luy courut sur lespee
1267 1904 1926 1981 au poĩg. Si le uĩt ferir si grãt coup
1290 1954 1930 2050 sur le beaume qͥ lẽ coupa la moictie
587 1964 1246 2075 ques aux dens. Puis le suiuoit ga
