2001 2500
393 147 529 220 Merlin
104 210 764 279 rez arez du hasterel et cheut le coup
102 252 767 318 fur les espaules et luy trencha les
97 314 764 375 mailles Du haubert iusques/ a la
95 362 762 420 chair nue et luy en leua une grant
93 404 760 472 charbõnee de dessꝰ les espaules tãt
93 454 758 522 quõ eust peu ueoir les os tous blãs
93 510 756 575 et au descẽdre q̃ lespee fist trencha
89 554 750 622 la selle ⁊  feutrure ⁊ coupa le che
87 614 754 679 ual parmy leschine Iusq̃s aux bou
87 666 756 727 yaux et randoille schiet a terre tout
87 716 748 779 en ung monlt. Et gauuain sen pas
87 762 752 827 sa oultre que point nareste Et lors
85 812 750 881 aduint quil rencõtra dodiuel le sau
85 864 748 931 uaige et lreux destrange gorre ⁊ lre
83 918 744 979 din le petit qui estoient abbatuz de
83 968 742 1039 dessus leurs cheuaux Et les dete
81 1022 742 1079 noit pointes anthoines mont court
81 1072 742 1141 Et quant messire gauuain le uoit
77 1116 737 1179 en sigraut meschief se tourne celle
77 1172 739 1233 part ⁊ fait ung tel assault uers eulx
77 1218 737 1283 q̃ tous les fist reculler arriere uoul
77 1270 739 1331 sissent ou non. Et quant ceulx qui
77 1322 739 1385 estoient de pie se uoient aucunem̃t
77 1368 737 1437 deliures de leurs ennemis si sail
72 1422 735 1497 lent sur piez Et prennent chascun
72 1475 735 1539 ung cheual et montent dessus, car
75 1525 731 1589 assez en y auoit. Lors commencẽt a
72 1579 731 1639 frapper a destre ⁊ a senestre si grãs
70 1631 727 1689 coups que chascun leur faisoit uoie
75 1672 731 1741 Si se tĩdrent une grant piece auec
70 1731 729 1793 que monseigneur gauuain Mais
70 1772 729 1841 ilz ne furẽt gueres quilz ne sceurẽt
72 1825 727 1897 quil deuint, car il ne demandoit q̃
70 1875 729 1950 les plus hardis a combatre ⁊ alloit
72 1933 723 2045 et couroit parmy la bataille de sy
956 154 1254 231 Fueillet. xuii
792 210 1463 285 grãt roideur q̃ nulz tãt fussẽt preux
789 270 1456 339 ne hardis ne leussent ose attendre.
910 410 1456 487 MOult fut la bataille dure ⁊
892 470 1456 541 aspre Aupres de trebes Et
787 529 1450 595 moult y eut frappe de haches ⁊ des
785 570 1452 637 pees dessus heaulmes/ ⁊ dessus les
783 627 1450 693 escuz. Et moult y firent darmes
779 675 1448 743 les cheualiers de la table ronde ⁊
779 731 1446 793 alloient querant le roy artus ꝑ tou-
779 775 1446 841 te la bataille. Mais oncques ne le
779 831 1442 893 peurent trouuer car il estoit ia sy es
775 881 1442 943 loigne deulx quil/ pouoit bien estre
773 931 1442 993 le long de plus de trois quars de
773 979 1442 1056 lieue et sestoit alle fourrer sur les
777 1037 1442 1095 gens au duc froilles et pointes qui
773 1087 1440 1147 auoiẽt en leur compaignie encores
773 1131 1438 1208 plus de sept centz cheualiers des
769 1177 1431 1252 meilleurs de leur ost Si sestoit mes
767 1235 1434 1300 le le roy artus auecques eulx mõlt
769 1285 1431 1358 fierement. Et se combatoit a eulx
764 1335 1431 1400 si merueilleusement que nul ne lo
764 1383 1431 1460 soit attẽdre ⁊ estoit sãs escu ⁊ tenoit
762 1439 1427 1512 son espee a deux mains Et estoit si
758 1485 1423 1556 bien feru ce quil attaignoit que ar-
758 1541 1425 1610 mes nulles ne le pouoient garãtir
758 1589 1421 1666 quil ne lui/ conuint mourir ou estre
756 1633 1421 1708 naure a mort. Et quant froilles et
756 1693 1421 1756 pointes ueoient le dommaige quil
756 1743 1419 1810 leur faisoient si lui court sur. Et il
754 1791 1417 1868 se reuenche contreulx/ moult dure
752 1847 1415 1918 ment Et si/ bien quil/ occist et naure
752 1897 1413 1972 ceulx qui sont au tour de luy. Et
746 1941 1409 2043 lors aduĩt que messire gauuain son
