1932 2500
366 200 502 277 Merlin
75 277 741 331 lung a lautre et eulx deux seront
72 316 733 385 mors celle nuyt. Dy moy merlĩ
72 364 733 431 dist tholomer quant seroit ce qͥ les
72 416 729 481 occironi tous deux. Metz en es-
70 466 735 529 cript que quattre des prochains pa
68 518 731 577 rens a la serpente les ferõt mourir
68 566 729 629 pour ce que ledragonne au sera son
66 618 725 687 mortel ennemy dõt la guerre en se
66 666 725 737 ra encõmẽcee dure et aspre ⁊ puis
64 720 725 777 yra celle cite tresbuchãt de iour en
62 770 719 827 iour a la semblãce des autres ci-
62 814 723 889 tez. ¶ Dy moy merlin dist tholo
62 866 719 933 mer quant sera ce. Metz en ton
60 922 714 979 escript quelle sera une grant partie
60 964 716 1029 acheuee auãc q̃ les cõtumãces soiẽt
62 1018 714 1081 affinees pour lapostolle et par cel
56 1066 714 1129 luy de gaule. Mais le dragõne au
56 1120 712 1179 et la serpente naistra au deuãt de
54 1172 712 1229 la partie du chãtecler et eulx deux
54 1216 712 1285 naistront par leur force et pour le si
54 1266 710 1329 gne de mescreãce adrecez ẽ celle ci
52 1320 710 1389 te Et ce souffera nostre seigñr par
52 1366 706 1431 maint mauuais peche qui sera use
52 1418 706 1489 ẽ celle uille ⁊ en leur ꝯtree ie uueil
52 1470 706 1537 que tu mettes en tõ escript que ꝙͣt
47 1520 704 1591 la chose qui iadis nasquit es ꝑties
50 1566 702 1639 de iherusalem aura mil deux cẽs
50 1614 702 1691 quatre uings huit ãs sera une grãt
47 1670 700 1727 famine dedans rosie qui pour celle
45 1716 700 1787 famine sera destruicte entieremẽt
47 1766 698 1835 pour lapostolle ⁊ pour celui de gau
45 1814 696 1879 le. mais le dragonne au et la serpẽ
45 1868 689 1929 te naistront de deuant la depar-
47 1912 691 1987 tie du chantecler et eux deux nai-
47 1962 689 2062 strõt par la force et pour le signe de
994 241 1235 297 Fuillet xii
769 277 1425 347 la mescreance de celle cite Et ce
766 327 1425 397 souffrira nostre seigneur iesuchrist
769 372 1423 447 pour maint mauuais peche qui se-
766 427 1421 506 ra use en celle uille et en leur con-
764 479 875 543 tree.
894 622 1271 706 De la famine qui se
887 689 1069 754 ra en rosie.
877 822 1408 902 OR uueil ie que tu mettes en
860 885 1408 954 escript que quãt la chose qui
754 931 1408 1002 iadis nasquit es parties de ierusa
750 981 1402 1060 lem aura mil deux centz. lxxuiii.
750 1035 1406 1102 ans sera une grant famine dedẽs
750 1085 1402 1160 rosie qui pour celle famine en sera
748 1133 1404 1206 destruicte toute rosie et si ne estoit
746 1185 1400 1260 une beste quilz auront et des sau-
744 1235 1400 1300 uagines quilz occirõt il ny demour
744 1283 1398 1356 roit ung seul hõme qͥl ne feust mort
741 1333 1396 1408 de famine silz ne sen fuient es loĩg
739 1381 1394 1454 taines parties. Or uueil encores q̃
737 1433 1392 1508 tu mettes en escript se dist merlinq̃
739 1483 1392 1556 aux crestiens rẽdus de la la mer cõ
737 1533 1390 1606 mencera une bataille aux paiẽs de
735 1581 1388 1654 celle contree dont ilz serõt detrã
735 1633 1388 1710 chez aux espees ⁊ tous les crestiens
733 1685 1383 1756 q̃ auec eulx serõt en celle bataille
735 1733 1383 1812 Quant sera ce dist tholomer Il se
731 1787 1377 1860 ra auant que la chose qui iadis nas
731 1835 1381 1908 quit es parties de ierusalem uien
731 1881 1377 1960 gne a mil deux centz quarãte cinq
731 1933 1375 2006 ans. Dy may merlin dist tholo
725 1979 1373 2075 mer Pourquoy souffrera nostre sei
