2031 2500
879 233 957 252 Des
585 233 1257 312 gneur iesuchrist quil soit ainsi q̃ les
583 289 1253 364 rendus et les crestiens soient mors
585 333 1255 416 a son seruice pource quilz ne tirerõt
581 393 1255 458 tous ensẽble a une corde. Encores
583 437 1253 514 uueil ie que tu mettes en tõ escript
588 497 1253 564 dit merlin que une nef sen yra par
581 545 1253 618 my la mer de. t. chargee de paiẽs
583 595 1211 668 qui sen yront a leur mahonnerie,
583 645 1255 718 laq̃lle nef sera toute brisee en mer
585 697 1259 770 et sen yra la moictie au fons a tout
588 743 1255 829 sa uitaille et les gẽs sen yrõt a tout
583 793 1261 877 lautre partie par lautre mer moult
585 852 1257 925 angoisseusement, dont il aduien-
585 908 1261 979 dra troys crestiens qui reclameront
588 952 1255 1035 moult piteusemẽt nostre dame de
588 1008 1255 1083 paradis; et nostre dame leur ap-
590 1058 1259 1133 paroistra et les conduira a sauuete
590 1106 1259 1183 Et quant les paiens uerront celuy
590 1158 1263 1235 miracle ilz dirõt quilz se uouldront
592 1212 1261 1291 faire crestiens, dont le roy de celle
590 1260 1261 1337 cõtree les fera tuer tous ensemble
594 1310 1263 1389 Et nostre seigneur en fera porter
592 1366 1265 1439 leurs ames uoiant tous en paradis
596 1414 1265 1495 dõt cellui miracle fera mains pai
596 1468 1263 1545 ens mescreans de leur loy. Et de
596 1518 1265 1593 telz en y aura qui sen fuyront en la
596 1572 1221 1645 crestiente pour eulx crestienner.
596 1625 1267 1697 Quant sera ce dist tholomer. Il se
598 1670 1271 1750 ra dist merlin auant que la chose qͥ
598 1722 1265 1800 iadis nasquit es parties de ierusa-
598 1779 1274 1854 lem uiẽgne a mil deux cẽtz. lxxuiii
602 1831 1271 1902 ans mais ung pou auant aura ung
602 1881 1265 1956 champion que quãt il scaura la ne
604 1933 1274 2004 cessite de cellui a faire il sen yra de
608 1991 1276 2079 uant lapostolle et lui criera mercy
1534 183 1753 243 Prophecies
1292 220 1947 295 car il uouldra passer de la lamer et
1276 272 1947 347 en fera son effort. Mais lapostolle
1278 320 1953 393 len gardera iusqus a tant quil ait
1282 379 1955 456 fait son consille qͥ sera estably pour
1280 429 1955 493 la crestiente redresser dela la mer
1284 477 1953 547 dont/ cellui consille sera pourparle
1284 525 1955 597 de iour en iour tant quil sera du
1282 577 1955 658 tout estably. Mais a tant laisse le
1286 635 1953 708 compte a parler de ceste prophecie
1286 693 1778 758 et retourne a une aultre.
1365 833 1828 912 ¶ Dytalie qui tremble.
1365 902 1801 968 ra de ioye et de pleur.
1411 985 1966 1064 DI endroit dit le compte et la
1392 1045 1966 1122 uraie histoire le tesmoigne q̃
1292 1100 1964 1170 ung iour estoit merlin en la chãbre
1294 1147 1966 1233 aupres tholomer si luy dist. Metz
1294 1204 1970 1279 en escript que au temps que la cho
1294 1256 1966 1327 se qui iadis nasquit es parties de ie
1294 1302 1966 1379 rusalem aura mil troys centz quat-
1294 1360 1970 1427 tre uingtz et neuf ans toute ytalie
1297 1410 1972 1479 tremblera de ioye et de pleur, dieu
1297 1454 1974 1529 aide dist tholomer comment peult
1299 1514 1974 1583 ce estre. Metz en escript se dist mer
1299 1560 1974 1633 lin que lapostolle et la gent de gau
1299 1616 1970 1685 le ferõt tresbucher les mauuais cre
1301 1660 1972 1739 stiens qui seront tous faulx et/ des
1301 1710 1978 1787 loyaulx qͥlz ne doubterõt ne crain
1303 1764 1974 1847 dront pour lauoir du champion qͥlz
1305 1820 1974 1889 mourront en coustumace dont no-
1305 1868 1976 1952 stre seigneur dieu en fera si appert
1305 1916 1974 1993 miracle que ceulx trembleront de
1307 1968 1974 2068 pleur ⁊ ceulx qui deuers la postolle
