1919 2500
66 279 710 345 se tiendront trembleront de ioye qͥ
62 329 708 391 leur surmontera pource quil uerra
64 383 708 437 aualler ses ennemis dont en tou-
66 427 710 495 stane perdra le lyon ses ongles et ẽ
66 481 708 545 perdra la coulpe sa queue, car poĩt
62 529 708 595 ne scaurõt trouuer medicines qͥ les
64 577 633 647 saiche garir de celle maladie
175 675 570 747 Dung esperuier qui
166 731 583 797 sera roy courronne de
168 779 587 843 trois courronnes ⁊ de
166 829 554 891 lhomme de turquie
164 883 554 941 qͥ trois iours gettera
166 933 535 997 flãbe par la bouche
175 981 702 1054 MEtz en ton escript que ung es
83 1035 704 1091 puier sera roy courronne de
58 1087 706 1147 trois courronnes ⁊ aura pendu ung
60 1133 704 1195 escu a son coul qui le champion se-
56 1185 704 1250 ra nomme par la semblance de ce
58 1241 704 1302 lui escu qui toutesuoies de flam-
56 1287 706 1343 be ardant alumera ytalie ⁊ mettra
56 1331 706 1395 dessoubz soy les mescrans sarrasĩs
58 1383 704 1445 dont les bons et les mauuais de
56 1437 706 1495 toute ytalie trembleront ⁊ laisserõt
56 1489 704 1543 leurs mauuaises coustumes. En-
56 1533 704 1597 cores uueil ie que tu mettes en ton
56 1583 702 1645 escript quil y aura ung homme de
56 1635 704 1695 dens turquie qui tousiours gettera
58 1685 704 1754 flambe par sa bouche et ce sera ap
56 1739 702 1804 parisant de maintes gens. Celle
56 1787 702 1850 flambe sera signe doccisions dhõ
58 1843 704 1902 mes ⁊ de femmes et mourront peu
56 1889 704 1943 apres par toute turquie dune mala
56 1933 706 1995 die chaulde et boillant comme feu
58 1985 704 2072 La sẽblance de celle maladie sera
1191 2072 1258 2120 c.i.
381 214 518 289 Merlin
964 233 1250 302 Fueillet xiii.
737 281 1396 352 si ydeuse et si forcenee que nul my
741 337 1396 404 re ne la pourra cõgnoistre, encores
741 385 1396 450 uueil ie q̃ tu mettes en ton escript
741 435 1393 502 se dit merlin que iusques a ung an
741 487 1398 554 et demy sera le roy de northobellã
741 535 1396 602 de enuie ⁊ pou ap̃s sa mort sera son
745 587 1396 656 filz de si haulte cheualerie q̃ toute
741 635 1398 704 la table rõde en sera alumee mais
743 689 1398 754 sa uie sera moult petite. Combien
743 737 1396 806 de tẽps sera il enuie dist tholomer
745 783 1396 847 Il ne sera que trois ans et demour
741 835 1396 906 ra sa fẽme ensaincte dung enfant
743 891 1371 956 qui peu aura de loz de son pere.
743 935 1393 1006 Encores uueil ie q̃ tu mettes en es
741 989 1398 1058 cript que ou temps de mille. luii.
741 1043 1398 1097 ans serõt estainctes toutes les chã
739 1085 1396 1150 delles que nostre seigñr ẽuoie pour
739 1133 1396 1200 sa uertu en la grant cite qui est au-
741 1189 1396 1247 pres de. P. Comment est elle ap
741 1241 1393 1308 pellee ce dist tholomer elle sera ap
741 1291 1396 1350 pellee des lors en auant r. pource
741 1339 1396 1408 q̃ dorsenauãt ne sera riẽs ueu de ce
739 1389 1393 1456 lui miracla ꝑ quoy le sostera nostre
743 1443 1396 1508 seigñr iesuchrist metz en tõ esccript
739 1493 1396 1556 q̃ seullemẽt pource qͥl mettront a la
737 1541 1393 1608 mort ung saĩct hõme de celle uille
741 1597 1396 1658 Et pour q̃lle achaison sera il mis a
737 1641 1393 1710 mort pource qͥlz naimeront la foy qͥ
735 1691 1393 1752 leur sera dõnee ⁊ qͥ ne uouldrõt te
737 1735 1396 1802 nir ainsi q̃ par plusieurs fois leurad
735 1795 1393 1854 mõnestera ⁊ pource le tresbucherõt
735 1845 1396 1902 de sa maistresse coulõne aual la ter
733 1891 1396 1956 re dont il le debriserõt tout tellem̃t
733 1943 1389 2010 qͥl en mourra mains auãt qͥl meure
731 1995 1391 2068 fera il sa priera a nrẽ seigũrie sucrit
