2038 2500
575 241 1248 314 qui face pour lui ung iseul miracle
573 293 1244 366 sans plus. Cest qui lui plaise est aĩ
573 343 1248 414 dre ces chandelles iusques a tãt qͥlz
573 397 1250 475 maintiennent celle foy. ¶ Dy moy
573 447 1250 525 merlin dist tholomer laquelle foy
575 493 1250 566 est celle que tu dis. Cest la foy q̃
573 545 1252 616 nostre seigneur dieu donna a adã
577 600 1254 672 et a eue pour laq̃lle enfraindre fut
577 650 1252 722 leur ame en peril. Se nostre seigñr
577 702 1252 772 iesucrist ne les eust oste es denfer.
581 747 1256 825 Et pour lui et pour nous souffrist il
583 802 1256 887 sa mort qui fut nostre uie a bien fai
581 860 1254 935 re. Mais a tant laisse le compte a ꝑ
583 906 1252 981 ler de ceste prophecie, et retourne
589 966 856 1039 a une aultre.
716 1112 1260 1195 OR dit le compte que maistre
673 1164 1254 1245 tholomer quant il se fut ꝑty
591 1220 1262 1291 de galles luy et grant compaigne
589 1262 1266 1345 de cleres si uous dis quilz errerent
589 1325 1266 1395 tant quilz uindrẽt a londres et prin-
591 1368 1269 1445 drẽt hostel chiez ung riche hõme qui
593 1425 1271 1497 biẽ les logea et furẽt illec moult ai
595 1475 1269 1556 ses et delez cestuy hostel estoit her
595 1529 1271 1602 bergie le roy uriẽs a grãt cõpaignie
598 1581 1273 1650 de barõs de galles. Au tiers iour
598 1622 1273 1702 que le roy fut uenu uint maistre tho
598 1675 1273 1762 lomer et lors fut merlin deuãt luy
600 1725 1279 1812 a lui dist Maistre tholomer ie uueil
602 1781 1279 1856 que tu bailles ung de tes clercs qͥ
602 1837 1279 1906 desormais mettes mes prophecies
604 1883 1279 1958 en escript. Et uueil quil soit saige
604 1933 1281 2006 clere Car puis q̃ tu seras sacre eues
608 1983 1279 2081 q̃ il ne seroit pas chose cõuenable q̃
1564 183 1792 245 Prophecies
1287 231 1904 302 tu en escripuisses plus en auant.
1285 275 1956 354 Et maistre tholomer appelle ung
1283 327 1954 402 clerc qui iadis nasquit en normẽdie,
1285 383 1962 456 et il le scauoit a sage et a loyal en-
1285 431 1962 506 uers dieu et le monde il auoit este
1287 485 1967 558 souuentesfoys auec maistre tholo-
1287 537 1969 614 mer disputer les prophecies de mer
1287 581 1971 658 lin et toutes les auoit trouuees sub
1289 631 1967 706 tillement dictes ⁊ auoit souuentes
1291 681 1973 760 fois dit a maistre tholomer q̃ moult
1291 735 1973 810 estoit merlin saige et uoir disant en
1294 791 1975 864 toutes choses et quant il y fut uenu
1294 843 1973 914 lors lui dist maistre tholomer. An-
1296 885 1977 968 thoyne ie scay biẽ que tu es ung sai
1298 937 1973 1022 ge clerc et loyal et plain de sciance
1296 991 1975 1066 et demoult grant subtilite. Si te
1300 1047 1977 1120 dis appertement que ie uueil que
1298 1097 1979 1170 tu soyes auecques moy en ma chã-
1300 1141 1981 1222 bre. Et mettras en escript tout ce q̃
1302 1200 1979 1272 merlin dira et saiches de uray que
1304 1252 1983 1322 ie lay trouue en toutes choses uoir
1304 1295 1985 1381 disant et moult saige hõme ⁊ plaĩ
1304 1350 1985 1425 de grant science. Lors respont mai
1306 1404 1985 1485 stre anthoine et dist. Sire puis que
1306 1450 1987 1533 dieu nasquit ne fut trouue en terre
1306 1497 1990 1579 nul plus saige homme saulue le nõ
1310 1558 1987 1633 de monseigneur sainct iehan bap-
1310 1600 1992 1683 tiste et saulue lhonneur de monsei
1312 1660 1994 1743 gneur sainct pierre et des aultres
1312 1708 1994 1783 apostres et des aultres saĩctz plaĩs
1314 1756 1998 1837 du sainct esperit et ay esprouue et
1312 1806 1996 1887 trouue ses ditz uoir disant en tou-
1314 1858 1996 1939 tes choses si uous dis appertemẽt
1310 1914 1996 1997 q̃ si uous meussiez dõne la moitie
1314 1964 1990 2079 de toutes uoz rẽtes a iamais ie ne
925 237 1006 254 Des
