1937 2500
1167 2058 1257 2135 .c.ii.
391 272 525 293 Merlin
75 277 719 343 neusse pas este si aise comme de ce
75 331 719 397 que ie doibs estre auecques uous
72 381 719 441 ⁊ mettre en escript les prophecies
72 435 721 497 du sage merlĩ. Et lors maistre tho
72 489 719 543 lomer le print par la main et le me
70 531 721 591 na en une chambre ou merlin estoit
68 581 719 647 et quãt merlĩ le ueit uenir si lui dist
68 627 715 697 Bien soies tu uenu maistre tholo-
68 681 721 747 mer. Et il respondit merlin dieu
66 731 719 793 uoꝰ sault. Maistre anthoyne puis
64 779 719 850 que tu es uenu icy ie uueil q̃ tu met
64 831 719 893 tes en escript q̃ leuesque de normẽ
64 881 717 947 die trspassera du siecle duy en trois
64 935 717 993 iours. Est ce uoir dist maistre an-
66 981 717 1047 thoine Il est ainsi comme ie le te dis
64 1037 717 1095 dist le sage merlin. Dy moy fait
64 1091 717 1150 il qui sera esleu a euesque. Certes
66 1135 717 1200 dist merlin ilz en serõt deux esleuz
64 1185 715 1245 et auront des uoys des chanoynes
64 1235 713 1295 tant lung comme lautre Le quel se
64 1279 713 1345 ra euesque dist maistre anthoine.
66 1335 717 1402 Ne lung ne lautre ne le seront dist
64 1385 715 1445 merlin Car le gouuerneur la dõne
64 1433 717 1502 ra a ung sien parent sage clerc qui
64 1485 715 1556 puis en sera occiz par les parens de
64 1533 717 1600 ces deux clers esleuz Et quen di
62 1585 715 1643 ra le roy de gaule Il nẽ pourra riẽs
64 1637 708 1695 faire dist merlin. ¶ Dy moy mer-
64 1685 713 1745 lin puis que le parẽt a lopostole se
62 1735 673 1795 ra occiz quen fera puis lapostolle.
68 1783 715 1845 Il fera excõmunier toute normẽdie
62 1827 713 1895 iusques a tãt qui la fera absouldre
62 1883 717 1947 Quant maistre anthoine ouyt ce il
64 1935 715 1997 sen rist ung petit et dist Merlin cõ
64 1991 706 2081 me pourra ce estre q̃ tu me uas di-
975 241 1251 302 Fueillet xiii
752 275 1405 354 sant Tu scez que ie suis ung poure
754 339 1403 397 clerc et de petite ualeur si te dis ap
752 389 1409 456 pertemẽt que ce seroit une grãt mer
752 439 1407 497 ueille sil aduenoit ainsi cõe tu dis
752 487 1409 554 mais puis que ie tay trouue uoir di
756 537 1405 604 sant en maĩtes choses ainsi q̃ mai-
756 583 1405 656 stre tholomer en a escript maintes
754 637 1409 704 merueilles Ie le mettray en escript
756 687 1407 754 Uraiemẽt dist merlin uueil ie q̃ tu
754 737 1405 804 mettes en escript q̃ ceulx de celluy
752 789 1407 856 lignage qͥ misdrent les euesq̃ues a
752 841 1403 908 la mort sẽ yrõi herberger ẽ escose ⁊
754 885 1407 956 celuy qͥ descẽdra deulx mettra ou
754 939 1405 1002 tẽps du bon chãpion au chief dor
752 987 1407 1054 de gaule qͥ en celui tẽps sera appel
752 1039 1405 1100 lee frãce en grãt peril destre deshe
750 1093 1405 1154 ritee Et celui bon chãpion qͥ. lr. sera
752 1147 1405 1208 appelle ẽ sera pour eulx ⁊ par leur
750 1193 1405 1250 admõestement moult grãt guerre ⁊
750 1237 1405 1306 mainteffois en sera tenu pour trai
754 1287 1405 1360 stre et pour felon Si uueil q̃ tu met
748 1341 1403 1408 tes en escript quil uauldroit mieulx
750 1393 1405 1450 que celluy champion fist ardoir la
748 1435 1403 1504 meilleure cite de toute gaule quil
748 1487 1403 1558 creust leur dit. Dy moy merlin
750 1541 1401 1604 fait maistre anthoine seront ilz sy
750 1589 1401 1660 grant lignee dhommes Ouy dist
748 1639 1399 1702 merlin Rouart de normendie au-
748 1689 1399 1752 ra de sa fẽme. xui. enfans dix mas
746 1737 1401 1802 les, et les autres fumelles richard
746 1789 1399 1852 son frere aura dix enfaus tous mas
744 1837 1396 1908 les robert sõ aieul en aura sept mas
742 1885 1401 1960 les sãsõ sõ ne pueu ẽ aura cinq deux
744 1937 1396 2072 masles ⁊ trois fumelles ãdroyn cou
