2025 2500
575 247 1243 308 son cousin en aura deux et encores
575 283 1241 362 en aura sept tous masles Que uoꝰ
575 339 1243 416 yrois ie comptant au temps du bõ
572 385 1247 456 roy de frãce en sera si multiplie sõ
572 443 1241 508 lignaige quilz en auront quinze cõ-
575 491 1247 560 tes et dix ducz et tãt des aultres
577 535 1247 610 en y aura quilz auront mille cheua
577 597 1250 662 liers tous prouchains parens ⁊ sãs
577 641 1252 712 les aultres qui de loing leur appar
579 697 1250 764 tiendront en aucune maniere. Or
581 741 1252 816 metz en escript quilz serõt les ungs
583 795 1250 864 pour lamour des aultres plꝰ uail-
581 845 1254 914 lans. Et encores serõt de telz ou y
585 900 1252 975 aura mainte grant traison des cre
589 952 1229 1027 stiens et les uendront aux paiens
595 1004 1258 1079 Dy moy merlin des deux freres
587 1050 1258 1131 qui seront esleuz euesques quen ad
589 1097 1256 1175 uiendra il apres la mort de leues-
589 1160 1202 1227 que qui occiz sera en normendie.
591 1202 1262 1279 Metz en ton escript que ilz se ren-
591 1258 1266 1331 dront chascun par soy en ung hermi
593 1310 1266 1379 taige et feront illec leur penitẽce ⁊
595 1358 1266 1435 saichez quilz mourront illecques et
597 1414 1268 1487 seront moult sainctz hommes. Les
602 1458 1266 1539 uerray ie iamais dist maistre an-
595 1516 1272 1583 thoine. Nennyn fait merlin, car ilz
600 1558 1272 1645 sen yront au desert faire la penitẽ
604 1614 1275 1687 ce. Or metz en escript que ap̃s la
602 1660 1275 1745 mort de celluy champion au chief
606 1714 1277 1789 dor qui. Lr. sera appelle sera son
604 1768 1275 1845 filz esleu a roy selon son lignage et
604 1814 1281 1897 selon ce qͥl en doibt estre. Saiches
604 1870 1283 1947 quil sera redoubte et sen yra es par
606 1925 1279 1997 ties de ierusalez/ en la compaingnie
612 1977 1279 2072 des paiens lui et plus de quarãte
1479 183 1706 241 Prophecies
1277 220 1950 295 mille crestiens. Si te dis quil pren
1279 279 1947 347 dra la grãt cite dytalie que lon ap-
1281 325 1954 400 pelle. A. et est celle cite sur la mer
1283 372 1952 454 Et quãt il aura este une grãt piece
1283 427 1952 495 deca la mer il sen yra ainsi que ie te
1287 477 1956 545 dis es parties de ierusalem et prẽ
1287 533 1958 610 dra la grãt cite de babilonne ⁊ illec
1287 575 1960 664 sera couronne ung sarrasin descla
1287 633 1954 706 uonnye. Dy moy merlin fait an-
1287 679 1960 754 thoine commẽt sera que les crestiẽs
1289 731 1960 808 sen yront auec les sarrasins en ost
1289 787 1962 862 ainsi loingtaines terres comme es
1291 837 1962 914 parties de ierusalez. Ie le te diray
1291 881 1962 962 moult bien dist merlin. Metz en es
1291 939 1962 1014 cript quil y aura a celui temps ung
1291 989 1962 1060 moult preudhõme et sera appelle
1293 1033 1966 1112 le sire de dalmuce il sera par droit
1297 1093 1966 1166 lignage roy de babilonne. Mais
1300 1135 1964 1220 ung sien oncle len aura desherite.
1300 1191 1970 1272 Et il aura de par sa mere une grãt
1302 1239 1966 1320 partie des terres despaigne des-
1304 1287 1972 1375 soubz lui. Et nõ pourtant ie deshe
1302 1345 1972 1427 ritera loir q̃ ystra de pauie mais au
1302 1395 1972 1475 tẽps de celluy roy que ie tay dit se-
1302 1450 1972 1525 ra chãpion. Lr. a qui la compaignie
1304 1491 1975 1579 sera a lui. Sera cellui esclauon al
1302 1545 1972 1625 le a ost dessoubz loir dont leur me
1306 1600 1968 1689 re sera yssue et leur pere aura este
1306 1654 1766 1739 seigneur de narbonne.
1393 1812 1804 1885 De la traison de ron
1387 1868 1804 1929 ceuaulx que fera ung
1389 1912 1810 1993 de ceulx yssus descos
1410 1972 1456 2054 se.
920 170 993 254 Des
