1932 2500
183 262 714 335 QUe te diray ie cellui roy uer
166 322 712 387 ra sa grant puissance sy entie
58 370 712 439 remẽt qͥl aura paour q̃ cellui ne les
60 427 710 479 mette hors de leur terre Et apres
58 466 712 535 leur desheritement aura il paour
58 516 710 585 luymesmes de sa terre Et pource
58 570 708 635 le craindra il de le courõner en ba
56 620 710 677 bilõne et il laissera quitte lesterres
56 670 710 737 a celle lignee de gẽs qͥ moult serõt
56 714 706 775 loyaulx enuers dieu et au monde.
56 768 706 833 En telle maniere deuiendra celle
56 814 708 883 paix cõme ie te dis. Et pource yra
54 868 706 931 il dela la mer en compaignie des
58 925 706 983 paiẽs et prendront tout le pais de
54 968 704 1025 babilõne et de dãnemarche. Dy
54 1012 704 1085 moy merlin se dieu te sault sera en
52 1070 702 1125 celle cõpaignie cellui de normẽdie
54 1120 704 1177 ¶ Nenny dist merlin, car apres ce
52 1166 704 1237 que ung sien parent qui sera ne des
50 1218 704 1287 cosse, fera la grant traison des frã
50 1262 706 1335 cois et les uendra par force dargẽt
50 1318 702 1385 aux paiens et les barons de france
50 1366 702 1433 ne le uouldront en leur compaignie
54 1420 702 1485 ¶ Dy moy merlin sera ce grant tra
52 1464 698 1529 ison. Metz en escript dit mer-
50 1514 698 1581 lin qͥl y en mourra plus de. xx. mil-
47 1570 700 1625 le tous esleus de la crestiente q̃ de
47 1614 700 1683 celui temps iusques a ce que la cho
50 1670 698 1727 se qui iadis nasquit es parties de ie
47 1720 698 1777 rusalem aura mil deux centz cin-
50 1768 702 1831 quante ans nauront les frãcois nul
47 1812 702 1877 si grant destourbier cõme ilz aurõt
47 1870 702 1925 celui temps que celle grant traison
50 1920 700 1977 sera faicte par celui hõme qͥ naistra
52 1968 696 2062 en escosse. ¶ Dy moy merlin dist
977 233 1150 287 Fueillet xu.
735 266 1392 341 maistre anthoine. Cellui destour-
737 318 1394 387 bier que tu me dis ou sera il, il sera
739 368 1392 445 dist merlin en ronceual, et lautre qͥ
739 425 1396 487 doibt estre ap̃s ousera il, il sera ala
737 479 1392 541 mansore de la mer. Serõt ilz trais
737 527 1396 587 fait maistre anthoine. Nennyn fait
737 579 1392 643 merlin, mais mauuaisement yra ⁊
739 629 1392 693 ꝑ orgueil Et selon lorgueil auront
737 679 1392 739 ilz le loier, ilz nyrõt pas cõe hõmes
739 720 1390 795 de pelerinage, mais cõme la foul-
737 764 1394 843 dre seront chassez. Si en ay ie fait
737 829 1392 893 mencion ca en arriere Ie uueil q̃ tu
737 879 1394 935 mettes en ton escript q̃ iamais nau
737 929 1390 993 ra cellui de gaule ung si grant de
735 975 1392 1043 stourbier cõme celluy sera iusques
735 1029 1392 1093 au dragon de babiloine qͥ pour leur
735 1081 1388 1139 ame sauluer naurõt ilz cure de ui-
735 1135 1388 1187 ure ne de mourir Et saichez q̃ pour
733 1185 1388 1237 leur necessite ⁊ pour leur orgueil se
733 1231 1390 1287 ra il mauuaisement ayme parmy
733 1275 1390 1347 le/ monde a cellui temps ⁊ si/ ne fust
733 1329 1390 1397 la grant prouesse Qui aura este en
731 1370 1388 1447 leurs ancestres ilz seroiẽt plus hais
733 1429 1363 1489 que leurs ancestres nairont este.
737 1485 1383 1539 ¶ Et metz encores en escript que
733 1529 1381 1587 parmy le monde sera espandu de
731 1581 1365 1637 eulx en la compaignie des bous.
733 1631 1383 1695 Mais si grant sera leur orgueil que
731 1681 1381 1745 auant que la chose Qui iadis nas-
731 1727 1383 1787 quit es parties de ierusalem ne se
727 1772 1385 1841 ront ilz bons amis Et uouldra les
727 1833 1383 1885 mettre dessoubz leurs piedz. Et ce
727 1881 1388 1941 sera quãt celle chose aura mil deux
727 1925 1383 2004 cẽtz quatre uingtz ans mais grans
727 1972 1173 2070 maulx leur aduiendra.
1202 2041 1279 2114 c iii
348 204 487 279 Merlin
