2025 2500
579 235 1245 308 ¶Dy moy merlin dist maistre an
572 293 1245 360 thoine quen diront les champions
572 339 1243 408 de ce mal qui lui aduiendra. Ilz en
572 393 1241 466 serõt lyez ⁊ ioyeux, car moult aime
572 439 1243 514 ra alors le bon marinier ⁊ nouuelle
572 489 1227 564 ment sera acompaigne auec eulx.
575 537 1241 620 Et auront celle gent en despit le
575 597 1245 668 seigneur de France tant/ luy sera
575 645 1183 718 creu lorgueil pour leur fol sens.
579 691 1247 768 Comment sera ce fait maistre an-
577 752 1250 818 thoine. Ie uueil que tu mettes en
579 800 1250 870 escript que a cellui temps naura ꝑ-
579 852 1252 920 my le monde nul Francois quil sort
581 902 1247 970 droictement extraict du sang de
581 952 1247 1033 france. Ains seront nez et yssus de
579 1004 1256 1077 chetifz hommes. Et par celui mau
581 1058 1250 1127 uais sang et chetif quilz auront de
581 1102 1254 1177 dẽs leur uentre ⁊ pour leur chetiue
583 1154 1258 1229 nacion ne congnoistront ilz ne bien
583 1208 1258 1281 ne mal qͥ leur pourra aduenir pour
583 1262 1256 1333 le bon marinier et si les fera semon
583 1308 1256 1383 dre le champion maintes foys quilz
585 1358 1258 1435 ne facẽt mauuaise guerre a eulx q̃
587 1414 1258 1485 ainsi qui les aura conduis et mis ꝑ
587 1464 1260 1535 my le mõde il les pourra aussi oster
589 1520 1262 1585 dillec pour celle esmeute et pour
589 1570 1258 1637 cellui admonnestemẽt se courrouce
589 1614 1260 1693 ra a eulx; nõ pas a tous, mais a une
591 1672 1262 1750 partie deulx, dont il le comperra
593 1720 1254 1804 auant que le dragon uiengne ap-
600 1779 795 1885 proucher.
679 1868 1093 1954 De la foy qͥ finera pre
670 1925 1102 2000 mierement en la mar-
670 1981 1025 2089 che douloureuse.
856 170 914 254 Les
1487 193 1729 252 Prephecies
1366 208 1939 312 Oy moy merlin fait maistre an
1360 281 1943 356 thoine scaura lon parmy le
1277 339 1900 400 monde quant le dragon sera ne.
1281 385 1952 456 Ouy dist merlin sy lon sen ueult
1279 439 1950 508 apperceuoir on le pourra bien sca-
1279 489 1950 558 uoir, si te diray raison pourquoy. A
1279 541 1954 602 celluy temps que la foy que lung
1279 589 1956 662 crestien doibt lun a lautre; sera tou
1281 645 1952 706 te finie par tout le mõde; sera ne le
1283 687 1956 758 dragon. Sera elle dont finee dist
1281 741 1958 812 maistre anthoine en ung temps par
1283 793 1956 862 my le monde. Nennyn fait merlin.
1287 850 1958 912 Mais finira en ung pais et puis en
1285 895 1958 966 ung aultre. Et ou finera elle p̃mie
1285 947 1964 1020 rement dist maistre anthoine. Cer
1287 997 1960 1066 tes dist merlin Ie le te diray ⁊ uueil
1287 1052 1962 1116 q̃ tu le mettes en escript. Saiches
1289 1100 1960 1166 que en ung pais dont iay fait maĩ
1289 1154 1962 1218 tesfoys mencion que lon appelle la
1289 1204 1960 1272 marche ploureuse et douloureuse
1291 1254 1962 1329 finira de mortalite en mil deux/ cẽtz
1291 1316 1964 1375 trente ans ou pou plus ou pou moĩs
1293 1358 1964 1443 et deuant aura este amoureuse et
1293 1412 1479 1495 ioyeuse.
1375 1552 1806 1633 De la marche de san
1368 1620 1797 1718 xonice qui uendrõt lũg
1370 1683 1520 1770 lautre.
