1925 2500
185 277 725 345 OR metz en escript q̃ une mar
164 320 720 393 che aura en celluy temps en
62 379 722 443 engleterre qͥ sanxonice sera lors ap
62 429 722 489 pellee Apres ce q̃ la chose qui iadis
58 477 716 539 nasquit aura mil deux centz quat-
60 529 720 589 tre uingtz cinq ans et ainsi uendra
72 577 725 643 sa mere son filz, et les parens uen-
58 631 720 689 dront lung lautre pource quilz nau
58 677 714 739 ront nulle bonte en eulx et tant se-
58 731 718 791 ront traistres et mauuais et plains
60 779 720 847 de malice. Mais le bon roy qui en
60 831 718 895 cellui temps sera en engleterre les
62 883 716 945 fera cõduyre a fine force aux terres
58 931 716 995 des sarrasins. Et illec seront mis
56 981 714 1045 en seruage des paiens. Dy moy
56 1031 714 1095 merlin naimeront ilz saincte eglise
58 1081 716 1150 Nenny dist merlin, mais les ferõt
58 1135 712 1200 toutes abbatre celles mauuaises
64 1179 185 1256 gens.
218 1322 620 1395 De ceulx de prouen
216 1377 616 1445 ce qui croiront au my
214 1427 618 1489 nistre du dragon de
222 1483 410 1541 babiloine.
185 1625 710 1704 OR metz en escript q̃ une mar
164 1681 710 1752 che aura en celluy temps en
68 1733 710 1806 prouence qui seront bõnes gens ius
60 1787 637 1856 ques au dragon de babiloine,
60 1841 712 1902 mais droictement a celluy temps
56 1887 710 1945 ung de ses ministres commencera
58 1943 708 1995 a prescher en prouence et croirõt du
58 1985 702 2068 tout en lui et/ se tiendront de sa pa
920 241 1235 297 Fueillet xui.
750 275 1410 352 tie Aussi bien les sages comme les
752 335 1410 406 nices Aussi bien les hommes cõme
752 385 1412 458 les femmes. ¶ Dy moy merlin
754 435 1408 502 fait maistre anthoine ꝑ quel mira-
752 483 1410 550 cle croiront ilz en luy Ie le te diray
747 537 1412 610 moult biẽ fait merlin. Il y aura fait
750 585 1408 652 moult de maintes merueilles en ce
752 633 1408 702 lui temps en prouence. Et pource
752 683 1410 750 naura il nully de sa partie. Mais
752 733 1410 800 diront tous quil est ung enchãteur
750 785 1408 852 ¶ Metz en ton escript maistre an-
747 833 1410 902 thoine se dist merlin quil y aura en
745 887 1408 954 cellui temps ung conte en/ prouence
747 935 1406 1000 que lon tiendra le plus saige hõme
747 987 1408 1052 de toute prouence et celluy qͥ plus
745 1037 1408 1100 aura ayme saĩcte eglise que nul hõ
745 1087 1406 1152 me de celui pais Le mal de la mort
745 1137 1402 1206 uiendra sur lui dont il mourra de
745 1187 1404 1256 mort subite, mais il aura este bien
745 1235 1404 1304 confes en celle sepmaine mesmes
747 1287 1406 1354 dont nostre seigneur dieu aura/ du
745 1337 1400 1408 tout lame de lui Le mauuais mi-
745 1387 1400 1450 nistre du dragon sen yra dessoubz
745 1439 1402 1504 le corps de cellui compte et/ le fera
750 1487 1400 1552 ꝑler uoiãt tous ceulx de prouence
747 1539 1402 1604 ꝑler mainteffois Et leur dira quil
745 1587 1397 1652 croie cellui qui est ministre de celuy
745 1635 1400 1704 qui a du tout la puissance ou ciel et
743 1689 1400 1760 en la terre ⁊ quilz facent abatre tou
741 1739 1397 1808 tes les eglises et quilz naiment la
741 1789 1397 1860 croix. Dy moy merlin comment
739 1841 1391 1904 souffrera dieu que lennemy den-
741 1893 1393 1958 fer se mettra ẽ celui que tu me uas
741 1941 1391 2002 disant quant son ame est sauluee
741 1997 1391 2077 ¶ Metz en ton escript dist merlin
360 200 506 289 Merlin
