2025 2500
562 227 1239 302 quil souffrera toute chose faire aĩsi
562 283 1237 347 comme ie tay dit ca en arriere fors
564 333 1235 404 seulement de la pierre pain et de
564 383 1241 450 leaue uin. Dy moy merlĩ fait mai
562 435 1241 504 stre anthoine. Cellui hõme que tãt
562 487 1237 554 me uas disant, yra il auec les aul-
562 545 1189 602 tres hommes parmy prouuence.
566 589 1241 656 Ouy fait merlin. Ainsi le menera
566 637 1191 708 lennemy comme sil feust enuie.
568 693 1241 764 Mais a tant laisse le compte a par-
566 745 1241 818 ler de ceste prophecie. Et retour-
568 791 1241 866 ne a parler dune aultre prophecie
572 847 800 920 de merlin.
681 1000 1241 1083 EN ceste ꝑtie dit le cõpte que
656 1045 1250 1133 merlĩ sen alla en galles ou il
570 1106 1245 1177 trouua maistre anthoine en sa chã-
568 1156 1247 1229 bre ou il regardoit en la prophecie q̃
572 1208 1250 1279 merlin auoit ditte sur luy et pẽsoit
575 1260 1247 1333 a soymesmes comment merlin luy
575 1304 1250 1389 auoit dit quil scauoit uraiement qͥl
577 1364 1250 1435 estoit extrait de poure lignage cõ-
577 1414 1252 1485 bien quil eust grant sens de clergie
577 1466 1256 1537 en luy si sauoit il bien quil nen pour
579 1512 1256 1585 roit a ce uenir dont il eust sy grant
581 1564 1256 1647 puissãce de par lapostolle de rõme
581 1620 1256 1689 comme il luy auoit dit, et que celle
583 1672 1256 1741 gent que lapostolle aura entre dicte
585 1718 1256 1793 fust apres pour luy assentez. Que
587 1768 1256 1843 uouz dirois ie quãt il pensoit a ceste
585 1825 1258 1889 chose suruĩt merlĩ qͥ luy dist. Mai-
589 1870 1256 1952 stre Anthoine dieu te sault et il re-
589 1920 1266 1997 garde si uit que cestoit merlin et lui
591 1977 1262 2075 dist que bien fust il uenu. Maistre
1497 177 1733 241 Prophecies
1264 220 1943 289 ãthoine dist merlin tu nes pas uoir
1268 277 1945 345 creãt en mes parolles ne ẽmes pro
1272 329 1947 406 phecies. Mais ie uueil que tu met
1268 385 1943 447 tes en escript q̃ huy sera esleu ung
1272 433 1941 500 des douze ministres de Romme,
1272 483 1945 550 Tholomer leuesque par la bouche
1270 529 1947 602 mesmes de lapostolle et luy sera dõ
1270 581 1952 660 ne puissãce a eslire euesque en gal
1272 631 1947 706 les Et saiches uraiement quil te es
1275 687 1952 766 lira et seras euesque deuant qͥl soit
1275 737 1952 812 ung an et demy et puis auras la
1275 793 1947 860 puissance de ꝑ lapostolle de rõme
1275 843 1954 914 par dessus tous les euesques deca
1272 889 1952 964 la mer ⁊ des parties de gaule aĩsi
1275 941 1956 1012 comme larcheuesque de logres les
1277 991 1954 1068 a au iourduy. He dieux fait mai-
1279 1050 1954 1125 stre anthoine que dis tu merlin. Ie
1279 1093 1956 1168 te dis uoir fait il; et si uue il que tu
1281 1147 1952 1222 saiches que ce te aduiendra pource
1281 1200 1956 1266 que tu es simple et bon et debõnai
1283 1247 1958 1320 re et saige de clergie. Merlin fait
1281 1302 1958 1375 maistre anthoine puis que tu le dis
1281 1352 1960 1422 ie le croy. Mais saiches quil nest en
1283 1410 1958 1472 moy bien emploie ce que tu me dis
1285 1450 1956 1525 qui mest a aduenir. Saiches uraye
1285 1502 1958 1577 ment ou bien emploie ou mal dist
1287 1552 1920 1627 merlin tu le uerras a toy a uenir.
1289 1608 1960 1679 ¶ Dy moy merlin fait maistre an-
1287 1664 1960 1729 thoine quãt uiendra la nouuelle de
1289 1712 1958 1787 leuesq̃ tholomer. Elle uiendra duy
1289 1758 1964 1837 en ung moys et demy dist merlin
1291 1814 1960 1889 ⁊ uiendra ogiers le blanc le clerc de
1291 1868 1962 1939 Lapostolle qui portera la nouuelle
1293 1908 1962 1991 de leuesque tholomer. Ouy dist
1293 1966 1960 2064 merlin et puis lui donra maintes
866 212 931 245 Les
