1612 2500
148 258 573 316 QUant le roy marc eut abbatu
133 302 567 356 messire. y. si cheuauche ioyeulx
91 339 571 395 de ce que si bien lui estoit aduenu si se
89 379 571 433 ua plus fort presant que deuant. ce la
87 418 569 477 le met en si grant orgueil que il entre-
89 458 571 514 prendra ung si grant fait dõc il se tẽ-
85 493 567 550 dra pour fol en la fin et dist que se tri
85 539 569 595 stan uient en cornouaille q̃ lui mesme
81 579 569 629 le occira. il sen uint a cintagel tout de
87 620 567 672 sarme car il laissa ses armes au de-
85 656 567 714 hors en une moult belle maison quil
83 700 560 756 y auoit Quant ses cheualiers le uoy
83 737 567 793 ent uenir si priueemẽt que il ne auoit
79 779 563 825 auec lui que ung seul escuier si sesmer
83 814 560 872 ueillent dont il uient car il estoit plus
79 852 558 910 ioyeux qͥl ne souloit et la royne mes-
79 900 560 954 mes sen appercoit si demãde au uar-
77 941 563 989 let que ce peut estre mais il ne lui uou
77 979 560 1031 lut pas dire car le roy lui auoit defen
77 1016 560 1075 du. le roy appelle andret et lui dist en
75 1058 554 1114 riãt. andret par la foy q̃ ie doy a dieu
72 1097 552 1150 ie bous ay au iourduy uenge du che-
72 1135 554 1189 ualier auãtureux qui deuãt hier uoꝰ
72 1175 556 1233 abbatit en lisle saint sanson. Sire di
70 1218 556 1266 ctes moy cõment fait andrent. Lors
70 1256 550 1310 lui conte cõment il abbatit messire. y.
70 1295 556 1352 et cõment il lui auoit donne le grant
68 1337 552 1389 coup. Sire dist andret est ce uoir. oil
70 1379 554 1431 fait le roy sans doubte et si croy quil
70 1418 554 1468 soit ores mort. Ou fut ce dist andret ⁊
66 1458 554 1512 le roy lui deuise. Sire dist ãdret ie ne
68 1493 552 1554 fineray iamais deuant q̃ ie uoye mes
66 1539 552 1595 sire yuain. Lors uient a son cheual et
66 1577 552 1633 mõte lui et deux cheualiers et uiẽt en
66 1616 552 1672 la place ou la iouste auoit estre si treu
66 1658 550 1716 ue la place tainte et uermeille du sãg
66 1700 548 1752 messire yuain lors le mõstre andret a
66 1739 552 1791 ses cõpaignons dist. Seigneurs cest
66 1779 550 1833 sang qui cy est nouueau est de messire
66 1818 550 1870 yuain aux blãches mains qͥ hier me
66 1858 550 1912 abbatit en lisle saĩt sanson et ce a fait
68 1895 546 1954 le roy qui grant hardement a fait ꝙͣt
66 1937 548 2020 lui tout seul osa enuair ung tel cheua
646 262 1142 318 lier cõe est. y. aux blanches maĩs; biẽ
646 300 1138 362 doit tenir terre qui tel coup a fait. Or
646 343 1140 395 seroit il bon fait andret q̃ nous sceus-
650 381 1136 443 sions que yuain est/ deuenu, car loĩg
644 420 1140 479 de cy ne peut estre ale Se maist dieu
642 464 1140 520 dient les autres nous ne scauõs ou il
644 504 1136 564 peut estre alle se il nest a labbaie qͥ est
644 547 1136 597 prez de cy. Ie croy fait andret que il y
642 585 1136 637 soit or allõs la si scairons cõme il lui
642 625 1136 677 est; lors sen uont si armez cõme ilz es-
640 664 1134 716 toient droit a labbaie de la croix noi-
642 700 1132 758 re si encõtrent ung cheualier arme de
640 743 1134 797 toutes armes qui menoit une damoi
640 785 1136 835 selle et deux escuiers; et sachez que ce
640 829 1132 883 estoit keux le seneschal qͥ estoit uenu
638 864 1134 918 en cornouaille pour sercher sil trouue
656 902 754 964 roit T.
700 941 1132 995 QUant keux uoit les troys che-
688 987 1124 1043 ualiers armez si dist a sõ escuier
638 1027 1132 1077 baille ca mon escu et mõ glaiue. que
633 1064 1128 1116 en uoullez uous faire fait celui. ie en
636 1104 1130 1160 uueil iouster fait keu a ses troys che-
633 1143 1130 1195 ualiers que ie uoy la puis que ie suis
631 1183 1128 1239 uenu en cornouaille. Haa pour dieu
633 1225 1128 1277 fait le uarlet ne le faictes pas; car ilz
631 1264 1124 1320 sont troys et uous estes seul si ne uoꝰ
631 1310 1128 1358 en pourroit uenir preu. Par ma foy
631 1347 1128 1400 fait keu se ie fusse eu royaume de lo-
631 1387 1126 1437 gres ie ne ioustasse pas a eulx mais
627 1427 1121 1479 icy nul ne le scaira. lors escrie aux che
625 1466 1121 1518 ualiers ya il nul de uous qui uueille
627 1506 1121 1558 iouster et lung se est mis auãt qui en
625 1545 1124 1600 lui se fioit moult et heurte le cheual
625 1585 1121 1633 des esperons encontre keu et il y uint
625 1622 1119 1679 au ferir des esperons et le fiert si dure
625 1664 1117 1718 ment quil le porte du cheual a terre ⁊
625 1708 1121 1756 de ce poindre laisse courre a lautre ⁊ en
625 1745 1121 1802 fait autant cõme du premier. Quãt
623 1785 1119 1837 andret uoit ses deux cõpaignõs aba
623 1829 1119 1879 tus sil eut uoulente de iouster deuant
623 1866 1117 1918 ores la il toute perdue. et messire keu
621 1904 1115 1964 lui crie sire cheualier gardez uous de
621 1947 1113 2025 moy a iouster pous cõuient. Eu nom
