1616 2500
452 258 959 318 dieu fait andret ie men suis biẽ garde
454 295 955 354 car la iouste uous refuse ie du tout car
454 335 955 391 ie ne uueil pas iouster. se maist dieu
454 372 955 439 fait keu uous iousterez uueillez ou nõ
452 416 957 472 car uous ne me pouez autrem̃t escha
454 456 957 520 per. Eu nõ dieu fait ãdret selõ la cou
452 500 957 560 stume de cornouaille puis que la iou
452 537 957 600 ste ie refuse uous ne men pouez autre
452 579 955 635 chose demander. Et ie uous en quitte
454 622 957 672 a tant fait keux mais or me dictes se
454 660 957 716 dieu uous gart pourquoy uous estiez
454 695 957 758 uous cy arrestez tous troys et qͥ uous
454 741 955 800 estes. Certes dist ãdret ce uous diray
456 783 959 833 ie bien, iay a nõ andret le nepueu du
464 822 957 879 rop marc et puis lui conte pourquoy
456 856 959 916 ilz estoient il lec uenus et puis lui mõ
462 900 957 962 stre le sang de messire yuaĩ. Cõment
456 939 957 997 dist keux est dõc messire yuain en cest
464 983 959 1045 pays Sire oil fait andret. Et cõme
456 1018 961 1079 le pourray ie trouuer. Sire dit ãdret
456 1066 965 1118 il est a une abbaie cy emprez a la noire
460 1106 965 1160 croix sicõme ie cuide allez la et uous
458 1143 963 1206 le trouueres. lors lui mõstre le chemĩ
460 1187 961 1241 Et cõmẽt a a nõ le cheualier qui na-
460 1227 963 1279 ura messire yuain. certes se ie cuidoie
464 1266 961 1322 que se eussiez uous fait ie le uẽgeroie
462 1310 965 1360 tout maintenant Andret qui a/ paour
462 1347 965 1402 dist sire sachez que oncq̃s mais ne y
464 1391 967 1445 fuz ueu.certes bien uous en croy car ie
462 1422 965 1483 cuide que uous ne soiez pas si preudõ
464 1468 965 1522 me q̃ uous osassez enuair tel cheualli
467 1504 965 1564 er cõme messire yuain; certes ie ne cui
467 1550 965 1604 de pas que ce cheuallier qui le naura
469 1589 969 1650 soit de ce pays ains est aucun cheuali
469 1627 967 1689 er auantureux du royaume de logres
469 1672 971 1722 Certes sire ie ne scay qͥ il fut fors tãt
471 1708 971 1762 que len dit que il est de ce pays. en ueri
471 1752 969 1806 te fait keux dõc fut ce par traison car
473 1793 969 1847 ce ne fut pas par cheualerie ains fut ꝑ
475 1833 971 1883 meschance. a tant se departẽt lũg de
473 1875 971 1925 lautre messire keux cheuauche iusq̃s
475 1908 969 1968 a labbaye et laissa son glaiue ⁊ son es
473 1947 971 2025 cu a ung de ses escuiers au dehors et
1030 252 1507 316 uient a la porte/ et/ oste son/ heaulme et
1036 293 1505 354 parle a ung des freres de leans ⁊ dist
1038 341 1505 391 Sire a il ceans nul cheualier errant
1036 375 1503 435 qui nouuellement y soit/ uenu. Sire
1032 416 1503 470 oil il en est uenu/ ung hui matin ung
1032 454 1501 514 moult naure se uous uoulez ie le uoꝰ
1034 495 1505 547 feray ueoir. Gire dist keux oil. lors
1036 537 1503 591 le maine ou messire yuain gisoit aus
1040 579 1505 635 si tost que messire yuain uit keux si le
1038 620 1507 670 congnut et lui dist. Sire uoꝰ soyez le
1038 660 1507 712 tresbien uenu et keu se assiet ẽprez luy
1036 700 1507 750 et lui rent son salut et puis lui demã-
1038 741 1509 793 de cõment il lui est. certes sire ie suis
1038 777 1503 831 durement naure ⁊ poy sen fault que ie
1042 814 1505 870 ne suis mort. Et scauez uous qui uoꝰ
1040 858 1509 910 a dõne ceste auãtage se maist dieu se
1042 895 1511 950 ie le scauoie ie uous promet cõe loial
1040 939 1509 991 cheualier q̃ ie uous uengeroye a mon
1044 981 1511 1035 pouoir se ce nestoit cõtre ung compai-
1042 1014 1509 1075 gnon de la table rõde. Sire dist yuaĩ
1042 1060 1509 1110 uostre merci ie ne scay qui il fut mais
1046 1095 1507 1158 grant est ⁊ fort celui qͥ le me fist mais
1042 1139 1509 1195 se uous uouliez aller en lostel du roy
1044 1181 1507 1235 marc et uous uoulliez seiourner. ii.
1044 1218 1507 1275 iours ie espoire q̃ uous pourriez trou-
1046 1262 1509 1314 uer celui qui me naura. se maist dieu
1046 1293 1509 1358 dist keau uous dictes uoir aussi uoul
1046 1339 1513 1395 lois ie aller en lostel du roy marc sca
1048 1375 1511 1437 uoir se ie trouueray ce q̃ ie quier. Et q̃
1048 1420 1507 1477 allez uous q̃rant fait yuain. Ie uois
1050 1460 1509 1514 querant tristan celui qui porta lescu
1048 1497 1505 1554 noir au tournoiement deuant le cha-
1053 1535 1503 1604 steau aux pucelles. Et qui uous dist
1048 1575 1509 1641 que ce fut tristan; ie ne cuidoye pas q̃
1050 1618 1507 1679 on le sceust encores gaires. Cõment
1050 1656 1507 1720 quil soit sceu fait keu ie en scay tant q̃
1050 1700 1507 1758 ce fut il. Uous dictes uoir fait yuain
1050 1737 1509 1797 et qui uous fist uenir ca pour ẽquerir
1048 1777 1507 1837 nouuelles de lui Eu nõ dieu fait keu
1050 1812 1507 1881 ung cheuallier q̃ ie encõtre deuãt hier
1050 1854 1503 1918 uers kamaalot qui me dist que ie es-
1055 1897 1499 1958 toie fol de aller querir tristan eu roy-
1050 1931 1507 2033 aume de logres et dist que le ressẽble
