1596 2500
91 258 575 318 celui qui quiert les poissõs de la mer
95 302 575 358 parmi la praerie et parmi les hautes
91 341 577 395 montaignes, car il me dist que plus
89 377 575 431 legierement se pourroiẽt departir les
93 422 575 475 poissons de leaue que T. de cornou-
87 456 568 516 aille mais se ie le uoulloye trouuer q̃
89 502 572 552 ie uenisse ca sans doubte et ie le trou-
85 537 570 595 ueroye. lors le cruz et me mis en uoie
83 577 570 631 tãt q̃ suis cy uenu mais sachez q̃ nul-
83 620 568 672 les nouuelles ne en puis aprendre si
83 662 568 714 men merueille trop et se maist dieu ie
81 702 560 750 cuide quil ne soit pas en cornouaille-
81 741 566 789 car il ne peut estre que aucune parolle
83 775 566 835 nen fust gregnieure cõment quil se al
79 816 214 868 last celant
143 858 558 910 QUãt ilz õt ẽsemble ꝑle lõgue
133 904 558 956 mẽt keux prẽt congie a messire
79 935 562 997 yuain ⁊ dit qͥl ueult aler uers cĩtagel
77 979 562 1035 pour aprẽdre uouuelles de celui quil
72 1018 562 1079 ua q̃rãt. Sir dist messire yuain allez
72 1060 556 1116 a nrẽ seigneur souuiẽgne uoꝰ de moy
70 1104 558 1160 keulx lui dist q̃ aussi fera il lors sen
72 1141 556 1193 part ⁊ uiẽt a sõ cheual ⁊ mõte ⁊ sen ua
70 1183 556 1233 droit uers cintaguel ⁊ quãt il uint la
66 1225 554 1272 il pouoit estre prez de uespre le roy ue-
66 1262 556 1310 noit du deduit de deuers la marine
66 1300 556 1350 quãt il uit uenir keulx tout arme si
66 1341 554 1393 se arreste ⁊ dist uecy uenir ung cheua
66 1385 552 1433 lier errãt onq̃s mais nen ueiz autant
72 1420 552 1477 uenir en ce pais cõme ores fait. Quãt
64 1462 550 1514 keulx fut approuche du roy le roy le
64 1504 550 1556 salue moult beau ⁊ lui prie qͥl se heber
64 1543 547 1600 ge huymais auec lui. Sire fait keux
66 1579 547 1635 qui estes uoꝰ qͥ me priez de heberger ⁊
64 1622 547 1675 cõment auez uous anon ie suis fait il
66 1658 545 1725 ung cheualier qͥ uoꝰ peult faire serui
72 1700 545 1756 ce ⁊ ay a nom roy marc de cornouaile
118 1741 545 1802 QUant keulx ẽntẽt q̃ cest le roy
116 1783 535 1839 marc si se huĩl ie moult uers luy
68 1806 541 1885 et le mercie de ce qͥl lui promet son hos
72 1856 541 1914 tel ⁊ le roy lui dist or me dites sire che
68 1895 543 1956 ualier estes uous de lostel du roy artꝰ
66 1937 543 2027 et des conpaignons de la table ronde
658 266 1152 318 Se maist dieu sire dist keux oil la
652 302 1148 366 dieu merci. Par mon chief dist le roy
652 350 1145 397 puis que uous estes de la compagnie
650 385 1145 439 mon hostel est a uostre cõmãdement
647 425 1145 483 tant cõme il uous plaira a demourer
650 468 1145 518 Sire dist keux moult grant mercis
645 504 1143 560 ainsi uont cheuauchant tãt quilz uiẽ-
645 545 1141 600 nent a cintagel. Le roy fait mener keu
643 585 1135 639 en une moult belle chãbre pour le de-
643 625 1139 679 sarmer et puis le fait uenir deuãt lui
641 666 1137 718 scauoir qui il est car il cuidoit q̃ ce fut
641 706 1133 758 aulcun cheuallier du lignage au roy
639 741 1135 800 ban quil doubtoit sur tous aultres et
639 781 1135 841 les hayoit mortellem̃t pour la paour
641 829 1135 877 quil auoit de eulx. quant keux fut ue
639 864 1135 918 nu deuãt le roy uestu et appareille no
635 906 1133 960 blement; le roy le regarde et uoit quil
635 945 1131 1002 estoit beau cheualier et si estoit il sãs
633 985 1133 1039 doubte mais il nauoit pas tãt de for-
635 1025 1131 1081 ce cõe il auoit de hardiesse. Le roy lui
633 1066 1131 1116 demãde nouuelles du roy artus et de
631 1104 1129 1158 la royne et des aultres cõpaignõs. si
631 1143 1129 1197 re dist keu ie laisse le roy et la royne
631 1185 1129 1241 sains et haittez a kamaalot; puis lui
631 1227 1127 1281 demãde or me dictes se dieu uoꝰ gart
631 1272 1127 1322 estes uous du lignage au roy ban. cer
631 1308 1127 1360 tes sire dist keux nẽnil dõt ce me poi-
629 1347 1125 1406 se ien uouldroie biẽ estre. Et qui estes
627 1389 1120 1445 uous donc dist le roy. Certes sire len
627 1429 1120 1483 me appelle keux le seneschal, et feuz
635 1470 952 1527 nourri auec le roy artus.
691 1506 1116 1566 QUant le roy entent q̃ cest keux
685 1547 1116 1604 le seneschal si se humilie plus a
622 1577 1116 1639 lui que deuant pour ce quil scauoit biẽ
625 1629 1116 1681 que keux est ung cheualier q̃ le roy ar
622 1668 1116 1722 tus aime moult; lors lui offre son ser
622 1710 1118 1760 uice a son cõmandement. Sire dist
618 1752 1116 1802 keu moult grant merci, il lui mõstre
620 1795 1116 1847 plus beau sẽblant que sõ cueur ne pẽ
620 1837 1114 1891 se. si dist quil ne fist oncq̃s de messire
618 1870 1110 1931 yuain qͥl ne face autant de keu ains q̃
616 1910 1110 1970 il se parte cornouaille car il scait bien
618 1950 1100 2037 q̃ keux nest pas si bõ cheualier cõe. y.
