1616 2500
544 268 969 325 MOult honora le roy marc keux
471 308 967 370 et le fist mẽger celui soir a son es
471 352 971 410 cuelle keux cuida qͥl lui fist cest hon
471 391 973 450 neur de amour uraye sans faussete
473 433 973 493 ainsi cõme le roy artus faisoit aulx
475 475 973 535 poures cheualiers estrãges quant ilz
471 508 973 572 uenoiẽt a son hostel mais non fait il
475 554 975 620 sen esꝑsoiuera biẽ se il a plus de pou
475 597 975 650 oir que lieu quant il eschappera de ses
475 637 973 691 mains. Quãt ilz eurẽt asses menge
475 679 977 729 lreux dist le roy ie uoꝰ demande ung
477 714 975 777 don qͥ ne sera pas contre uostre hon-
477 758 980 814 neur. Sire dist lieux ie le uoꝰ octroy
477 795 980 854 dictes uostre uoulente et ie le feray. Ie
479 835 982 895 uueil fait le roy que uous uiẽgnez de
481 875 982 941 main chasser au morois. Sire dist
481 920 982 972 keux uoulẽtiers, lors cõmãda le roy
485 960 980 1018 que tous fussẽt prestz a lendemain de
483 995 982 1058 chasser pour ce tous se uõt coucher ⁊ re
492 1043 984 1104 poser. A lendemain matin ala le roy
485 1077 984 1139 a la chasse ⁊ mena auec lui lreux le se
485 1125 988 1177 neschal se chasserent toute iour iusq̃s
487 1164 988 1220 a heure de nõne que auãture les apor
487 1202 988 1260 ta deuãt ung lac qui estoit eu morois
492 1245 988 1297 et estoit celui lac appelle le lac auãtu
496 1287 990 1347 reux pource que maĩtes auantures y
498 1329 656 1395 aduenoient
552 1360 990 1429 QUant le roy uient prez de ce lac
535 1408 986 1460 il pense une uoidie merueilleu-
496 1439 996 1508 se/ les cheualiers qui auec lui estoient
494 1487 994 1543 disdrent adonc a lreux. Sire le roy-
496 1531 994 1589 aume de logres est moult auãtureux
496 1572 996 1629 mais en tout le royaume de logres ne
496 1612 998 1662 a lieu ou tant de auãtures aduiẽnẽt
498 1652 996 1708 cõme en ce lac cy. Et quelles auantu-
500 1691 996 1747 res y aduient il fait lreux, dictes les
502 1731 998 1789 moy si les ꝯpteray eu royaulme de lo
504 1775 1000 1835 gres. Le roy prent adonc lreux par la
502 1814 1002 1868 main ⁊ lui dist; lreux se uous uouliez
502 1854 1002 1912 uenir de nuit icy uoꝰ trouuerriez ung
502 1891 1005 1947 cheualier arme qͥ a uous se cõbatroit
508 1935 1000 1989 se uous uouliez ⁊ se uous ueniez deux
504 1972 1000 2047 uous en trouueriez deux; et troys. iii.
1046 266 1515 325 en trouueriez. ⁊ douze aussi, mais nõ
1050 304 1520 364 point plus de .xii. et ainsi aduiẽt tou-
1048 345 1520 402 tes les nuitz qui uenir y ueult ce dient
1048 387 1520 441 ceulx de cest paiz. Quant keux len-
1050 427 1520 485 tent si se seigne de ceste merueille ⁊ cui
1053 466 1520 525 de que le roy die uerite mais il lui mẽt
1055 508 1522 560 mais ce faisoit il pour lui dõner uou
1055 545 1522 606 lẽte de uenir celle part, car se il uenoit
1055 589 1522 641 il se combatroit a lui cõe il fista mes-
1069 629 1470 689 sire yuain aux blanches mains
1111 670 1524 722 QUant le roy eut conte a keux ce
1103 716 1522 764 ste nouuelle si lui demãda se ce-
1061 739 1522 808 stoit grant merueille Se maist dieu
1061 791 1515 850 fait keu oil; Certes fait le roy se uous
1063 829 1520 883 auez tant de hardiesse esprouuer uoꝰ
1059 872 1522 925 le pourrez si me trouuerez a plꝰ uray
1063 914 1522 966 disant. Se maist dieu dit keux par
1061 956 1524 1008 hardement ne demourra pas car ie y
1065 993 1517 1050 uẽdray ennuit pour ueoir la merueil
1065 1035 1517 1089 le, Or y perra fait le roy que uous fe-
1065 1077 1517 1127 rez car moult me tarde que uous
1067 1108 1522 1177 uoyez ceste auanture. Tant dist le
1069 1156 1522 1210 roy a keux quil lui demãde et dist si-
1069 1197 1524 1250 re et cõmẽt scairay ie ca uenir. Eu nõ
1069 1237 1522 1291 dieu fait le roy ie uous bailleray ung
1069 1277 1515 1331 de mes escuiers qui uous y acõduira
1071 1310 1513 1370 q̃ue ia ny fauldres. Sire dist keux
1078 1358 1515 1420 uostre merci. ceste bonte nest pas peri
1078 1391 1522 1452 te, a tant sen repairent a cintagil biẽ
1073 1435 1522 1493 ioyeux. Au soir uint gaheriet a cinta-
1084 1472 1517 1543 gel qui toute sepmaine auoit cheuau
1075 1510 1517 1577 che par le pays pour aprendre nouuel
1075 1550 1517 1620 les de tristan, mais il ne trouua qui
1080 1595 1509 1662 riens lui en sceust enseigner et pource
1080 1631 1522 1697 dist il quil sen retourneroit arriere eu
1078 1672 1522 1735 royaume de logres Quant gaheriet
1080 1716 1540 1783 fut uenu la nuit a cintagel moult fut
1080 1750 1549 1816 receu honorablemẽt, car ilz cõgnois-
1075 1795 1540 1866 soient ia tous quil estoit bon cheuali-
1075 1829 1524 1904 Grãde fut la feste quãt keux uoit ga
1082 1868 1522 1950 heriet lors le court accoller et baiser-
1086 1906 1532 1985 car trop duremẽt lamoit; lors se tirẽt
1084 1947 1517 2045 dune part pour demãder lung a lau
