1596 2500
83 266 562 327 tre nouuelles. Gaheriet fait keux cõ
83 308 562 366 biẽ a que uous uenistes en ce paiz. ga
81 343 558 404 heriet lui dist. Eu nõ dieu fait keux
135 387 552 441 poy y uenistes deuant moy; ⁊ quelles
77 425 558 477 nouuelles scauez uous de tristã que
81 460 554 525 uous allez querant. Que scauez uoꝰ
77 504 558 560 dist gaheriet se ie quier T. Ie le scay
77 545 556 606 bien fait keux len men a bien dit la ue
75 585 556 639 rite; ce fut tristan qui porta lescu noir
72 625 554 679 a lassemblee deuant le chasteau aux
75 660 556 725 pucelles. Qui le uous a dit fait ga-
72 706 554 764 heriet tel le me a dit fait keux qui cer
70 747 552 795 tainement le scait mais or me dictes
72 785 552 843 se uous en sauez nulles nouuelles. se
70 820 552 879 maist dieu dit gaheriet nẽnil ie ne en
75 868 552 922 puis tant demãder q̃ nul me en sache
68 906 550 964 riens dire et pource croy ie biẽ quil ne
68 943 545 1000 est pas en ce pays; trauaillez nous sõ
68 987 545 1039 mes pour neant de uenir en ce pays ca
68 1027 547 1081 si ne a au fort que noꝰ nous en retour-
68 1066 547 1116 nons eu royaume de logres. Uous
66 1104 547 1156 dictes uoir fait keux et ainsi le ferons
66 1147 547 1195 noꝰ. Or me dictes fait gaheriet quant
64 1181 543 1237 uenistes uous en ce paiz. Sire dist il
64 1227 543 1272 ersoir et me mena hui matin le roy a
64 1262 539 1314 la chasse auec lui et au retourner noꝰ
62 1302 547 1354 trouuasmes ung lac merueilleux et
62 1339 543 1395 auãtureux lors lui cõmẽca a cõter ce
64 1379 545 1437 que le roy lui auoit conte du lac cõme
66 1420 283 1475 ie le uous ay dit.
120 1464 539 1525 QUãt il lui eut cõte si dist a ga
110 1508 539 1556 heriet; ouistes uous pieca parler
64 1543 541 1597 de si estrange auãture. gaheriet cõmẽ
62 1583 539 1637 ce a penser et quãt il eut pense si dist-
58 1620 537 1675 keux sachiez que le roy marc uous a
60 1664 535 1716 menti il bee a uostre mal ⁊ a uostre hõ
60 1702 535 1754 te en telle maniere que len ne le sache-
58 1741 539 1797 il est moult fel et moult traitre. or me
60 1781 539 1835 dictes lui auez uous promis de la al
60 1820 539 1875 ler. Oil se maist dieu fait keux ie lui
66 1860 537 1914 ay promis uoiremẽt que iey doy en-
62 1900 537 1956 nuit aller et il me doit bailler ung es-
62 1941 537 2035 cuier qui me doit conduire iusques la
637 266 1131 322 keux fait gaheriet or sachez quil bee a
635 308 1135 366 uous faire mourir se il peut; le roy est
633 350 1129 402 trop mauuais il scait trop de decepti
637 389 1123 452 on sachez que se uous y allez uous es-
633 429 1127 485 tes mort. Cõment gaheriet fait keux
631 466 1129 522 est ce uoir ce que uous me dictes a il aĩ
633 506 1129 566 si appareille cest affaire pour me met
631 550 1125 597 tre a mort ce seroit la gregnieure trai-
633 587 1120 641 son que oncq̃s en nostre temps fut fai
631 629 1123 685 cte. Eu nõ dieu fait gaheriet puis qͥl
629 670 1123 720 fut courõne ne fist il bien ains a faicte
631 710 1120 760 gregnieure traison que cestecy ne est-
627 750 1120 797 car il occist de ses mains son frere char
627 787 1120 843 nel. Par mõ chief fait keux puis q̃ aĩ
627 835 1120 881 si est ie ne pray pas, car ie ne cuidoie
625 868 1120 922 pas quil beast a telle traison En ueri
625 908 1120 962 te fait gaheriet si fetez ne ia pour nul
629 943 1116 1004 le paour de lui ne remaindra q̃ uous
627 989 1118 1039 ny allez puis que uous lui auez pro-
627 1027 1110 1087 mis car ie uous feray cõpagnie ⁊ puis
627 1068 1116 1120 que nous deux y serons armez nous
622 1106 1116 1160 ne aurons garde de troys cheualiers
620 1145 1114 1202 ou de quattre ne ia plus ny en enuoie
622 1189 1114 1241 ra il pas pour uous seul et ainsi pour
620 1231 1116 1281 rons nous scauoir sa traison mais or
625 1266 1114 1320 nen parlons plus quil ne sen apꝑcoi-
620 1306 1114 1362 ue, car quãt nous aurõs mẽge ie prẽ-
620 1345 1114 1400 dre a lui conge ⁊ lui diray que iay ail
614 1391 1112 1439 leurs affaire et ainsi me departire de
614 1429 1112 1477 ceans et uous attendre a lentree de la
616 1468 1110 1522 forest; a ce saccordent et se uõt asseoir
614 1508 1108 1560 au menger car le roy estoit ia assis. et
618 1550 1108 1604 quant ilz eurent menge gaheriet com
612 1589 1108 1641 mande a son escuier a apporter ses ar
612 1631 1108 1685 mes. Cõment dist le roy ou uoullez
614 1670 1108 1720 uous aller huimais. Sire dit gahe-
614 1706 1106 1764 riet aller men conuient; trop auroye
614 1750 1106 1804 faicte malle oubliãce se ie demouroie.
612 1791 1108 1847 car a trop grant honte et atrop grant
612 1829 1106 1879 ennuy me tourneroit ie uous cõmãde
612 1870 1108 1920 a nostreseigneur Le roy le prie moult
612 1908 1104 1962 de demourer mais riens ne lui uault
610 1950 1102 2031 Lors se fait armer et prent cõge ⁊ mõ
