1606 2500
481 266 978 325 te et sen ua et ch uauche iusques a len
479 306 980 364 tree du morois ⁊ la descent puis il se
477 347 980 400 couche pour dormir ung petit et dist a
485 383 980 452 ses escuiers Seigneurs uarletz quãt
485 422 978 489 keux passera par cy se ie dormoye es-
483 460 980 527 ueillez moy car ie ne uouldroie que il
481 508 980 564 entrast en ceste forest sans moy en au
481 552 844 604 cune maniere. lors sen dort.
540 583 984 647 SI tost cõme leroy marc eut mẽ-
496 627 982 683 ge il fut nuit lors uiẽt keux a lui
485 670 982 725 et lui dist Sire baillez moy ung es-
485 706 986 766 cuier qui me scaira conduire au lac a-
485 743 988 806 uantureux. certes fait le roy uoulen-
488 785 986 847 tiers; lors apelle ung sien uarlet a qͥ
488 833 988 885 il auoit parle de cest affaire et dist ua
492 870 992 925 tost si mõte ⁊ maĩne keux au lac auã
494 908 990 970 tureux lors se fait keux armer ⁊ mõ-
492 947 990 1010 te ⁊ prent ung sien escuier et celui qui
492 993 992 1050 au lac le debuoit conduire lors dist le
492 1029 986 1097 roy a keux. keux dist le roy quãt uoꝰ
494 1068 994 1135 serez au lac il cõuiẽdra q̃ uostre escu-
494 1116 996 1175 ier departe de uous ⁊ q̃ uous demou
496 1150 996 1210 rez tout seul. Sire dist keux cen ferai
498 1191 994 1258 ge biẽ lors sẽ part keux et cheuauche
496 1227 996 1291 tant qͥl uĩt a lẽtree du morois et lui-
500 1270 994 1339 soit la lune belle ⁊ clere. Quãt les es
498 1310 996 1375 cuiers gaheriet uoiẽt uenir keux si es
500 1358 996 1412 ueillerent leur seigneur et diẽt. Sire
500 1397 1001 1452 uoicy uenir ung cheualier arme detou
500 1433 999 1493 tes armes nous ne scauõs se cest keux
500 1475 999 1535 ou aultre ⁊ gaheriet sesueille si tost cõ
502 1512 1001 1575 me il uoit lescu il congnut que cestoit
502 1560 1001 1618 keux si lui dist. sire biẽ uiengnez or ne
506 1600 1003 1662 ya fors du cheuaucher iusq̃s au lieu
504 1635 1003 1695 ou uous scauez. Sire dist keux uous
504 1681 1003 1735 dictes uerite. Qui sõt ces deux escui-
511 1716 1003 1779 ers dist gaheriet. Sire lũg est a moy
508 1764 1007 1814 lautre est au roy qͥ me doibt conduire
508 1802 1005 1858 iusques au lac auantureux; et lors se
508 1843 1007 1893 mettẽt a la uoie tant quilz uiẽnẽt au
511 1879 1011 1933 lac auantureux et quant ilz sõt la ue
513 1922 1009 1975 nus lescuier du roy dist a keux Sire
513 1964 1011 2043 ueci le lac ie men uueil retourner car
1059 266 1518 327 ie ne demourroie cy a nulle fin, car ie
1059 306 1516 366 nay pas tant de hardemeat que ie de
1061 343 1518 406 mourasse. Bel ami fait gaheriet or
1061 385 1516 445 ten ua car keux demourra et noꝰ noꝰ
1061 422 1520 485 trairons dautre part pour scauoir qͥl
1063 464 1520 522 aduiendra de celle auanture; et celui
1065 506 1518 562 sen uint a tãt. et gaheriet dist a ses es-
1063 550 1518 606 cuiers allez uous ent decy et gardez q̃
1067 585 1520 645 uous ne retournez cy pour nulle auã
1067 633 1522 685 ture se uous ny estes mandez; ⁊ ceulx
1069 670 1518 725 sen uõt. et gaheriet dist, keux se len
1069 710 1520 760 nous uoit cy tous deux ensẽble on noꝰ
1069 752 1522 802 laissera plus tost a assaillir que lẽ ne
1069 789 1520 845 feroit se lung estoit tout seul uous re-
1069 827 1522 885 maindrez et ie menbuschere se uous a
1072 872 1522 920 uez mestier de moy ie sauldre de mõ
1072 912 1518 966 embuschemẽt si nõ ie remaindray ius
1076 954 1520 1004 ques au iour et puis nous mettrons
1072 993 1522 1043 a uoie pour aller ou nous uouldrons
1080 1031 1522 1083 Sire dist keux uous dictes bien; lors
1076 1068 1520 1125 demeure keux deuant le lac et gaheri
1078 1110 1524 1164 et sen ua ẽbuscher assez prez de lui tãt
1088 1156 1382 1206 quil le ueoit tousiours
1142 1187 1520 1243 APrez ce que keux se fut parti de
1134 1227 1516 1291 la maison du roy marc il cõmã-
1076 1264 1520 1327 de a ses cheualiers qͥlz uoisẽt reposer
1084 1312 1518 1368 et si font ilz. quãt ilz furẽt couchez le
1082 1354 1518 1414 roy appelle ung sien uarlet et lui fist
1082 1387 1512 1447 mettre la selle sur son cheual et le fist
1082 1433 1514 1487 couurir tout darmeures plus noires
1086 1464 1516 1531 que charbon et sarme aussi dautelles
1084 1512 1518 1572 armes et prẽt aussi ung escu tout noir
1086 1545 1516 1610 Quant andret uit que il se armoit si
1086 1593 1503 1652 uint deuant lui et dist. Sire q̃ uoul-
1084 1627 1514 1689 lez uous faire laissez moy aller auec
1090 1666 1501 1733 uous, car il napartiẽt pas a si hault
1086 1702 1518 1772 hõe cõme uous estes de aller seul. tãt
1086 1745 1514 1810 lui dist que le roy lui octroye mais qͥl
1099 1787 1510 1860 se face armer darmes noires et il ce a
1092 1829 1499 1900 fait. quãt ilz sont armez si mõtent et
1092 1862 1514 1941 se partent hors de cĩtagel et le roy dit
1088 1910 1499 1970 a andret. Andret scauez uous la ou ie
1086 1945 1510 2054 uueil aller. Sire nẽnil dist andret-
