1640 2500
89 283 575 337 Et ie le uous diray dist le roy; lors
83 318 570 372 lui cõmence a conter ce quil ueult fai-
83 356 568 414 re de keux le seneschal. Sire dist an-
83 397 570 464 dret ceste entreprĩse est plus perilleu-
85 439 573 502 se q̃ uous ne cuidez car keux est preu
81 475 570 533 et hardi. Certes dist le roy keux ne a
83 522 573 575 pouoir contre moy. Sire dist andret
81 558 568 614 dieu le uueille. Tant sõt allez quilz
83 595 568 662 sont uenus au lac et uoient keux qui
77 637 564 693 estoit tout apareille de cõbatre. keux
77 677 566 733 uoit bien quilz sõt deux si nest esmaie
79 720 564 777 de riens ains dit qͥl se cõbatra a eulx
77 764 566 814 deux; le roy heurte le cheual des espe
77 804 564 858 rons sans mot dire; et keu ne fait pas
79 839 566 900 semblant de couardie ains lui uient a
75 883 564 941 lencontre tãt cõme il peut; ⁊ le roy qui
79 929 562 981 moult estoit fort si cõme ie uous dy le
79 966 562 1018 fiert si duremẽt quil labbat a terre si
81 1006 560 1068 felonnessement que il ne scait se il est
81 1047 235 1122 iour ou nuit
141 1083 562 1139 QUant gaheriet uoit q̃ lreux est
129 1125 558 1179 abbatu si dist certes or ay ie trop
77 1168 558 1220 demoure; lors sault de son embusche
77 1206 556 1258 ment et crie au roy tant cõme il peut-
77 1247 558 1302 Sire cheualier gardez uous de moy
72 1287 556 1339 a iouster uous cõuient. Quãt le roy
72 1325 560 1379 marc qui ne cuidoit pas trouuer aul-
72 1366 560 1420 tre cheualier q̃ lreux oit ce si sappareil
70 1402 558 1462 leau mieulx qͥl peut de iouster mais
72 1445 556 1502 tout le cueur lui faut de grãt paour q̃
75 1487 556 1543 il a. gaheriet qui bon cheualier estoit
75 1529 556 1581 fiert le roy si duremẽt que il le fist tre
70 1562 554 1629 buscher eu lac ⁊ sil ne eust trouue ung
75 1610 556 1664 arbre a quoy il se prĩt il eust este noye
75 1647 558 1704 sans doubte. Quant gaheriet le uoit
72 1687 558 1743 dedens leaue si ne le regarde plus car
75 1729 558 1783 il cuide bien que de cestui soit laffaire
75 1768 554 1822 oultree. lors laisse courre a andret et
77 1808 550 1870 le fiert si duremẽt en son uenir que il
75 1845 556 1910 lui fait mesurer la terre de son long⁊
75 1891 556 1950 puis passe oultre pour parfournir sõ
77 1935 558 1983 poindre et retourne a lreux qui ia se re
72 1970 558 2056 leuoit et lui deist. lreux fait gaheriet
643 277 1150 335 cõment uous sentez uoue. Sire bien
643 318 1148 375 dieu merci ie nay nul mal puis que ie
648 358 1146 418 uoy que uous mauez si bien uẽge. lors
643 402 1148 452 uient gaheriet au cheual lreux ⁊ le ra
645 445 1148 493 maine et uoit le roy qui estoit sailli de
643 483 1148 535 leaue et en auoit plus beu que mestier
643 520 798 577 ne lui fust.
687 554 1141 618 GAheriet qui auoit grant desir de
652 608 1144 652 scauoir qui les deux cheualiers
639 643 1139 702 estoiẽt qͥ tel plait auoiẽt basti a keux
643 687 1141 741 uient au roy au ferir des esperons et
643 729 1139 783 crie. certes sire mort estes se uoꝰ a moy
643 770 1139 816 ne uous rendez. Le roy qui eut paour
641 804 1139 860 de sa uie lui dist. Haa sire cheuallier
639 850 1139 902 ne me occiz car a ma mort auroys tu
643 885 1141 939 trop grant dõmage. Quãt gaheriet
641 933 1141 985 oit ce si lui gist eu cueur que cest le roy
641 970 1139 1020 marc mais pour mieulx le ꝯgnoistre
639 1012 1139 1060 lui dist qui estes uous sire cheuallier
641 1052 1137 1102 qui dictes que ie auroye si grant dom
637 1087 1137 1141 mage se a mort uous mettoye certes il
639 1127 1133 1183 cõuiẽt que ie sache qui uous estes uoꝰ
637 1168 1139 1231 pouez estre tel q̃ ia mal ne aurez ⁊ tel
639 1216 1139 1268 que ia nen eschapperez que ie ne uous
635 1252 1137 1302 mette a mort Quãt le roy oit ce si fut
635 1293 1137 1343 moult espouẽte car il doubte se il lui
635 1329 1137 1383 dit son nõ quil ne puisse trouuer a lui
635 1375 1133 1425 nulle merci et pource se ua arrestant-
635 1414 1135 1470 gaheriet lui redit aultre foiz se maist
633 1458 1135 1506 dieu ou uous me direz qui uous estes
633 1495 1131 1545 ou ie uous mettre a mort. lors mist la
631 1531 1131 1589 main a lespee et fait semblant de lui
633 1577 1131 1635 occire. le roy marc se trait ung poy ar-
631 1616 1131 1668 riere et dist. Ha franc cheualier ne me
635 1654 1133 1708 occis pas ie te diray mõ nom car ie ne
633 1697 1133 1750 le uueil plus celer; sachez de uoir que
633 1737 1133 1791 ie suis le roy marc de cornouaille pour
633 1775 1127 1833 dieu ne me faictes gregnieur ennuy q̃
633 1818 1131 1877 fait me auez ie me met du tout a uo-
648 1862 773 1920 stre mercy.
698 1897 1131 1956 QUant gaheriet entent que cest
677 1939 1129 2002 le roy marc si descent a pie car le
635 1979 1129 2060 roy marc estoit a pie et atache sõ che-
