1616 2500
464 283 963 341 ual a ung arbre et sen uient uers le roy
467 316 963 383 marc aussi cõe tout appareille de la
467 358 965 422 bataille et dist, roy marc or sõmes
473 397 967 468 per a per or dy se tu te ueulx cõbatre a
471 437 967 502 moy. Sire cheualier dictes moy qui
471 481 973 547 uous estes qui ne demãdez de moy si
473 522 973 583 non bataille. Certes ie suis gaheriet
479 566 973 629 qui grant piece a que ie ne te uoulluz
477 600 971 670 poĩt de bien et scaiz tu pourquoy pour
475 643 982 708 ce quil ne peut uenir cheualier errant
475 683 977 745 en cornouaille pourtãt q̃ tu le puisses
479 727 980 785 tenir que tu ne lui faces ennuy ⁊ cou-
485 762 980 827 roux; il na pas grãt tẽps que ie ne cui
485 802 982 872 doye pas que le mal que len disoit de
483 847 982 908 toy fust uerite mais or le scay apperte
485 883 984 947 ment; or me di se dieu taist dõt te uiẽt
496 929 986 995 si grant felõnie cõe tu as eu cueur q̃
487 968 984 1035 tu as aux cheualiers errãs que tu re-
490 1008 988 1070 coiz et honores en ton hostel ⁊ puis tu
490 1045 986 1110 leur pourchasses couuertemẽt si grãt
492 1087 990 1147 traisõ que tu les uiens mettre a mort
498 1133 994 1200 se tu pouoyes. pourroit nul hõe faire
498 1168 996 1239 plus grant traison que tu auoyes fai
494 1210 996 1270 cte enuers keux le seneschal; as tu biẽ
496 1254 998 1308 mort deseruie par ta traison, or tost
500 1293 994 1360 garde toy de moy a la bataille es ue-
500 1337 998 1393 nu et saches se ie te puis cõquerre ie te
502 1377 1000 1435 occiray que ia de toy ne auray merciz
502 1412 1000 1477 Quant le roy oit ceste parolle si fut
504 1458 1002 1516 moult esmaie et dist. haa gaheriet ne
502 1495 1002 1558 me occis pour dieu merciz, car tu fe-
504 1533 1007 1591 roys desloiaute au mains pource q̃
508 1579 1005 1639 ie suis roy. Et pource fait/ gaheriet q̃
508 1620 1005 1679 tu es roy ⁊ tu faiz desloiaute doibs tu
508 1662 1007 1716 mieulx mourir a honte q̃ aultre che-
510 1704 827 1760 ualier qui nest pas roy
556 1737 1011 1802 QUãt gaheriet eut ce dit si court
548 1781 1009 1835 sus au roy lespee en la main et le
519 1816 1009 1887 fiert sur son heaume ung si grãt coup
521 1862 1015 1918 quil na pouoir du coup soustenir a ce
517 1897 1013 1956 quil auoit toute perdue sa force de la
521 1943 1015 2006 grant paour quil auoit, ains chiet a
519 1981 1015 2064 terre tout estourdi mais tost se relieue
1042 277 1505 333 et se tire arriere et eschiue les coups-
1044 320 1509 372 car il scait biẽ que a gaheriet ne pour-
1044 356 1509 412 roit il durer au desrain. Quãt gahe-
1046 393 1511 452 riet uoit quil ne metoit nulle deffense
1048 435 1511 489 en lui il se lance uers lui et laert si ru-
1048 472 1511 531 dement par son heaume quil lui rõpt
1050 512 1511 566 les laz et lui esrache de la teste si q̃ le
1055 554 1515 614 roy chiet a dens moult felõnessement
1053 600 1515 652 et quant gaheriet le uoit si au dessouz
1057 637 1515 691 si lui recourt sus une aultre foiz ⁊ lui
1059 681 1513 735 dist; certes roy marc uous estes mort
1057 718 1515 770 iamais traisõ ne ferez uous en aurez
1059 758 1509 812 uostre guerdõ ains que uous me es-
1061 800 1517 847 chappez. Le roy marc ne scait q̃ faire
1061 835 1515 895 de la grãt paour quil a car il uoit biẽ
1065 877 1513 941 que sa deffense ne lui uault riens sicõ
1065 918 1515 972 mence a dire Haa gaheriet ne mocciz
1069 960 1517 1018 pas ie me met du tout a ta uoulẽte se
1067 1000 1517 1056 ie mesfiz uers keux pardõne le moy
1069 1041 1517 1091 et ie me maintendray des ores mais
1073 1072 1517 1141 plus courtoisemẽt enuers les cheuali
1071 1114 1513 1177 ers estranges; ie te promet cõme roy q̃
1071 1160 1520 1214 iamais ne feray desloiaute ẽuers che
1075 1197 1520 1258 ualiers errãs. Ainsi mecreances tu se
1075 1235 1524 1300 dist gaheriet ne q̃ a moy ne a keux/ ne
1075 1279 1515 1337 a aultre cheualier errant tant q̃ nous
1078 1314 1526 1375 soions en cornouaille piz ne nous uiẽ
1082 1362 1540 1420 dra pour chose q̃ ie te aye fait. Ainsi le
1078 1395 1524 1456 creance dit le roy. Et ie te clame qui te
1086 1435 1524 1506 fait gaheriet. ainsi se sõt accordez ga-
1080 1475 1517 1541 heriet et le roy marc mais ainsi ne ua
1088 1516 1524 1583 pas de keux et de andret. quant ilz se
1080 1556 1540 1620 uirent seul a seul si laissent courrir
1086 1595 1522 1660 lung uers lautre les espees nues aux
1088 1643 1543 1706 mains et sentredõnent grans coups;
1086 1677 1540 1739 mais ãdret qui eut paour de mourir
1090 1710 1536 1787 ne peut soustenir les coups q̃ keu lui
1086 1750 1545 1822 uenoit dõnant si uit bien que/ keux es
1090 1791 1532 1860 toit meilleur cheuallier que lui si ua
1092 1829 1540 1906 du tout refusant et cest ce qui le met a
1103 1891 1328 1962 fin de la bataille
1161 1900 1532 1991 TAnt a dure la bataille que ãdret
1165 1954 1534 2050 ne peut plꝰ soustenir. quãt keux
