1596 2500
81 277 562 333 uoit si se lãce a lui ⁊ le heurte de corps
81 318 562 372 ⁊ de piez ⁊ le fait uoler a terre et keux
79 354 564 412 lui sault sur le uentre et lui errache le
75 393 562 454 heaulme de la teste ⁊ lui eust maĩteãt
75 435 564 495 le chief coupe quãt gaheriet lui escrie
75 472 556 535 et dist haa lreux merci ne le occiez pas
77 518 562 570 asses en auez fait. Haa pour dieu fait
75 558 562 614 lreux ne le dittez laissez le moy occire
75 595 558 654 si auray mis a mort le pire ennemi q̃
75 637 558 697 T. ait. Qui est il donc fait gaheriet
75 681 556 727 Eu nõ dieu dist keux cest andret le
72 716 556 768 nepueu du roy marc. Ne uous chault
70 756 550 814 dist gaheriet laissez lay a tant encores
68 797 552 852 uiendra tout a temps que il aura son
70 843 554 891 guerdon de sa traisõ; laissez lay pour
66 877 552 929 lamour de moy et pour ma priere. Et
64 916 552 968 ie le laisse a tant fait keux. Adõc dist
66 956 547 1012 gaheriet au roy marc. Roy marc puis
64 997 545 1054 que ie te ay la uie sauuee q̃ ie te pouoie
64 1039 545 1093 tollir se ie eusse uoullu ie te cõmande
64 1079 545 1131 que tu me dyes pourquoy tu auoyes
64 1114 545 1172 fait cest agait et ie te promet que ia nẽ
62 1160 543 1210 auras pis pour moy ne pour hõme de
60 1193 543 1250 ma part. Ie le te diray fait le roy lors
58 1235 539 1293 lui cõmence a cõter mot a mot aĩsi cõ
58 1279 543 1333 me ie uous ay conte et quant il lui eut
56 1314 541 1370 conte si dist. or men iray a uostre cõge
58 1354 539 1412 meshui uers cintagel. Quant uous
58 1393 539 1450 plaira dist gaheriet, car ie ne uoꝰ tiẽs
56 1441 539 1493 pas. Lors uiẽnent a leurs cheuaux et
60 1481 537 1535 montent et sen uõt duremẽt naurez si
58 1518 537 1575 quilz ont gregnieur mestier de reposer
58 1562 539 1614 quilz ne eurẽt pieca mes. Tant sont
58 1597 535 1660 allez quilz uĩdrent a cĩtagel et allerẽt
58 1635 537 1693 par deuers le iardin et entrerẽt eu pa-
54 1681 535 1733 laiz si que nulz fors leurs uarletz ne
56 1716 537 1777 sceut riens de leur uenue. Le roy entre
54 1760 535 1816 en sa chãbre dollent et courouce il fait
54 1800 537 1860 alui uenir les mires au plus coyem̃t
54 1841 533 1900 quil peut, car il ne ueult pas q̃ ceulx
56 1877 533 1937 de son hostel sachẽt cõmẽt il est naure
54 1916 531 1975 Quant les mires ont regardees ses
52 1962 529 2052 playes si dyent quil sera tantost gari
641 279 1139 337 et puis regardẽt andret si/ treuuẽt que
639 318 1137 379 il estoit assez plus naure que le roy; le
641 362 1135 418 roy leur deffent quilz ne laissẽt uenir
637 400 1135 456 leans hõme ne fẽme et aucun deman
639 437 1135 504 de le roy que len dye quil nest pas biẽ
637 481 1131 543 haitte. le roy se gist mõlt dolẽt et dist
635 522 1131 579 que encores sera ce fait duremẽt uẽge
641 562 987 620 si q̃ on en parlera par tout.
677 604 1129 656 O Lendemaĩ uĩdrent ceulx a court
683 647 1123 697 qui de lostel estoiẽt pour faire cõ
635 670 1125 737 pagnie au roy mais il leur fut dit qͥl
631 727 1120 781 sen retournassẽt et q̃ le roy estoit ung
631 764 1125 818 petit deshaitte. La royne le oit/ dire el-
627 806 1120 862 le uient en la chãbre, mais entrer ne y
627 845 1120 897 peut. mais il lui fut dit. Dãe ne uous
627 881 1118 937 poise de ce que uous ny pouez entrer-
625 927 1123 979 car le roy a defendu q̃ nul ne nulle ne
625 964 1120 1018 le uoye a ce point La royne est toute es
622 1006 1118 1056 bahie, car oncq̃s ne lui fut la chãbre
622 1045 1120 1100 fermee fors maintenãt si sen retourne
622 1085 1118 1137 en sa chambre toute esbahie. Le roy se
622 1127 1118 1179 geut leans. uiii. iours que onques ne
625 1170 1118 1225 se meut. La royne pẽsoit trop durem̃t
620 1208 1116 1258 pourquoy le roy estoit leans si encloz
625 1250 1116 1300 Tant en enquist quil lui fut dit q̃ le
620 1287 1116 1339 roy estoit naure et andret encore plus
618 1331 1116 1385 mais ilz ne scaiuẽt qui ce fist; moult
618 1370 1110 1425 se pẽse la royne qui ce peut auoir fait;
618 1412 1114 1460 mais tãt nẽ sceut enq̃rre q̃lle peust sa
614 1447 1112 1497 uoir nouuelles deuant le quinsiesme
614 1487 1110 1543 iour que dinas uint a court et uient de
616 1527 1108 1577 uant la royne et la sallue et elle luy-
616 1566 1112 1618 si le fist asseoir deuant elle et puis lui
614 1604 1110 1660 demande et dist. Dynas dont uenez
614 1652 1110 1704 uous quelles nouuelles; il y a grant
614 1689 1106 1747 piece que ie ne uous uy. Dame dist di
612 1729 1110 1781 nas ce uous diray ie bien deuant que
612 1766 1108 1825 ie parte de uous. mais a tãt me dictes
614 1808 1108 1864 que le roy fait. Se maist dieu dit elle
610 1850 1108 1897 ie nescay il a plus de uiii. iours q̃ ie ne
610 1889 1104 1945 le uy aussibiẽ entreroit ung cheualier
612 1935 1104 1991 estrãge en sa chambre cõme moy ie ne
610 1972 868 2068 scay dõt ce lui uiẽt.
973 2027 993 2085 cc.i.
