1616 2500
523 277 965 337 QUant dinas entent ce si cõmen
512 316 967 377 ce a soubz rire cõe celui qui tout
456 352 971 418 laffaire scauoit, car les deux compai
460 397 971 456 gnons lui auoient tout conte. Quãt
452 435 971 491 la royne uoit dinas rire si pense que il
458 479 969 539 scait le uray de cest affaire si dist, dy-
458 525 973 575 nas ie scay bien que uous scauez la ue
460 560 973 614 rite de ceste chose or uous prie ie par la
462 600 971 658 foy q̃ uous deuez a tous ceulx du mõ
460 645 971 702 de que uous men dyez la uerite. Dãe
464 689 971 739 fait dinas tant me auez cõiure que ie
460 720 971 781 le uous diray; lors lui conte tout mot
462 766 971 818 a mot le fait sicõme ie uous ay conte
467 808 973 860 que le roy abbatit keux et cõme gahe-
464 843 973 900 riet abbatit le roy et andret et cõme ilz
467 891 975 943 eussent este mors se ilz ne eussent crie
467 931 973 983 merci et par ce eschapperẽt ilz. Dieux
467 968 975 1027 dist la royne quãt elle oit ce tant se pei
467 1008 975 1068 ne le roy marc de foire ennuy aux che
467 1056 977 1104 ualiers errans certes sil sen repentoit
467 1095 973 1145 encores ce seroit a bon droit. dynas
471 1135 973 1189 fait la royne et ou sõt les deux cheua
467 1177 973 1231 liers qui ce ont fait. Dame fait dinas
469 1216 977 1266 ilz sont allez eu royaume de logres ⁊
475 1256 700 1312 aussi estoient ilz
525 1289 975 1345 QUant le roy marc et andret fu-
525 1341 980 1387 rent partiz des deux cõpagnõs
473 1370 980 1435 ilz mõterent sur leurs cheuaulx et se
471 1420 980 1472 trayent uers le grant chemin pour sa
473 1456 973 1516 uoir silz trouueroient lieu ou ilz peus
477 1500 980 1556 sẽt huimais heberger, car il estoit biẽ
475 1539 977 1600 prez de minuyt et quãt ilz furent uenꝰ
475 1577 980 1635 au grant chemin keux demande a ga
475 1620 982 1675 heriet ou il uouldra cheuaucher. Cer-
475 1660 982 1714 tes dist gaheriet ie men retourneray
475 1704 980 1752 eu royaume de logres car trop ay se-
477 1743 980 1795 iourne en cornouaille Se maist dieu
477 1781 977 1837 dist keux uoꝰ dictes uoir aussi feray
477 1825 982 1881 ie. Tout ainsi cõe ilz parloient a tãt
479 1860 980 1922 uecy uenir dinas le seneschal arme de
479 1904 982 1956 toutes armes qui uenoit de cintagel ⁊
483 1939 977 2004 sen alloit a ung sien chasteau ou il a-
481 1985 980 2054 uoit une dãe que moult aimoit et elle
1048 277 1515 339 ne lamoit point si lui auoit on donne
1048 312 1517 372 a entendre que celui en deuoit amener
1046 354 1520 412 celle dame ennuit, et pource cestoit il
1053 397 1515 456 parti a telle heure de cĩtagel. Si tost
1050 437 1517 493 cõme dinas uoit les deux cheualiers
1053 483 1517 537 armez si sceut biẽ q̃ cestoiẽt cheualiers
1050 518 1517 572 errans si sapproucha plus hardimẽt
1050 558 1517 618 de eulx et quãt il uint prez de eulx si
1055 595 1520 656 recõgnut keux a lescu aussi fist il ga-
1050 643 1517 691 heriet. keux fait il bõne nuit uoꝰ doĩt
1053 683 1520 731 dieu et dont uenez/ uous a ceste heure
1050 722 1515 777 ie cuidoye que uous feussiez dedẽs cĩ-
1053 762 1517 812 tagel. Qui estes uous dist keux qui
1053 802 1517 856 si bien me congnoissez. Eu nõ dieu ie
1050 843 1513 895 suis dinas le seneschal. Quãt keux
1053 881 1515 937 oit ce si sentrefirent feste; et ou alle uoꝰ
1055 922 1515 979 a ceste heure dist keux. Par ma foy ie
1053 962 1515 1014 men uoys a ung miẽ chasteau fait di
1057 1004 1517 1062 nas; lors lui cõte lachoison sicõme ie
1057 1047 1515 1100 uous ay conte. Eu nõ dieu dyent les
1057 1083 1513 1141 cõpaignõs nous irõs auecq̃s uous si
1057 1127 1513 1185 uous ferons cõpagnie. Eu non dieu
1059 1166 1511 1231 fait dinas uous soyez les tresbien ue-
1057 1202 1515 1260 nus. lors se mettent a la uoye et che-
1057 1247 1513 1304 uauchẽt tãt quilz uiẽnẽt au chasteau
1057 1287 1515 1345 dont la dame estoit ia partie par une
1059 1325 1513 1385 corde q̃lle auoit atachee aux fenestres
1059 1368 1511 1425 de la tour pource q̃lle trouua les por-
1059 1402 1513 1466 tes fermees et lauoit le cheualier q̃lle
1059 1445 1513 1510 aimoit amenee. Quãt ilz sõ uenus a
1059 1483 1509 1547 ce chasteau dinas ua a la tour mais
1065 1527 1509 1587 il ne trouua pas samie mais il trou-
1061 1564 1507 1627 ua la corde par ou elle estoit deuallee
1065 1606 1507 1670 et uoit quelle auoit emporte deux bra
1061 1643 1505 1708 ches qui estoiẽt a dinas qͥl amoit trop
1061 1687 1509 1756 pource qͥl estoiẽt extraictz de hudain
1063 1727 1530 1791 le brachet T.si en fut trop dolẽt si ui
1059 1770 1538 1833 ent aux. ii. cõpaignõs et dit seigñrs
1059 1812 1534 1879 or uous reposez car il me ꝯuiẽt sercher
1065 1850 1524 1918 tãt que ie trouueray celui qͥ mamie a-
1065 1887 1509 1952 maine et mes braches dont ie suis plꝰ
1063 1925 1524 1997 courouce que ie ne suis de elle. Eu nõ
1059 1966 1515 2058 dieu fõt ilz noꝰ irõs aueq̃s uoꝰ. sachez
