1685 2500
114 277 602 333 a tel terme. Soies a seur fait le geãt
112 306 598 370 car nul a mon cõduit ne toseroit mal
112 350 600 414 faire. Quãt le roy lẽtent si descent et
110 389 600 447 le geant lẽmaine en son hostel mais
110 433 602 493 oncques telle ioye ne fust cõme luces
114 470 598 533 fist a son pere quãt il le uit. Et le roy
110 514 600 572 fut moult ioyeux quant il uit son filz
112 545 600 614 sain et haitie car bien cuidoit quil fut
108 589 598 650 mort si lui demanda de son aduẽtu-
108 625 598 689 re et cil lui conte tout ainsi cõme le cõ
108 670 596 727 te la dit deuant Grant ioye fut du pe
110 712 594 768 re au filz mais quicõques en soit ioy
110 752 596 810 eux sadoc en est courouce et marry-
108 789 600 845 car sa fẽme cuide il biẽ auoir perdue
118 831 600 891 puis que le roy qui tant layme est le-
106 870 598 927 ans uenu. Sire dist luces a son pere
106 908 598 964 cõment estes uous ceãs uenu et il lui
106 952 596 1008 cõte. Assez parloient celle nuit/ le roy
108 993 598 1052 pelias sadoc et luces. Celle nuit pen
108 1033 598 1095 sa moult le geant a sa deuinaille que
104 1068 598 1125 le roy lui auoit dicte mais oncques il
104 1110 598 1166 nẽ sceut scauoir la uerite. A lendemaĩ
106 1154 596 1204 appella le geant sadocet dist, le roy
104 1187 594 1250 ma dit une deuinaille dont ie ne puis
106 1233 596 1289 scauoir la uerite ie la te diray et ie ten
106 1277 598 1331 prie que tu men dies ton aduis. Lors
104 1314 598 1366 lui conte la deuinaille que le roy luy
104 1350 598 1404 auoit dicte, si tost cõme sadoc louyt
106 1391 594 1450 si sceut bien que cestoit a dire lors cõ-
104 1435 596 1487 menca a penser quil en pourroit faire
104 1475 600 1527 car sil ne la dit au geant le geant est
104 1516 600 1564 mort et sil est mort et il demeure auec
104 1556 600 1608 le roy pelias il est en doubte de perdre
106 1595 598 1645 sa femme quil ayme plus que riens
104 1637 598 1689 uiuãt. Lors uient il faire son plait au
108 1675 596 1733 geant que sil len laisse aller et le roy
104 1718 596 1766 demeure auecques lui il lui dira. lors
104 1754 598 1808 dist au geant. Se tu me ueulx don
106 1795 600 1843 ner ung don ie te diray la uerite de ta
108 1835 600 1887 deuinaille. Par ma foy fait le geant
108 1875 600 1929 ie le te dõneray et ten asseure. Or te de
110 1920 598 1972 mande ie q̃ tu men leisses aller moy
110 1962 600 2033 et ma femme quittement et ie la te di-
675 266 1167 322 ray. En uerite fait le geant ie loctroy
679 306 1171 364 Lomme qui print cõpagnie au lieꝑt
675 343 1169 400 ce fut le roy qui cy est qui print a moy
673 387 1169 437 compagnie et me eut dõne la moitie
675 425 1169 477 de sõ royaume si me pleut Et pource
675 466 1171 520 lui espoir qͥl auoit plꝰ de ma cheuale-
673 504 1174 558 rie q̃ en ung aultre mapelle il liepart
675 547 1174 602 par sa courtoisie. Apres quant nous
675 581 1171 635 eusmes prins cõpagnie ensẽble ie lui
675 631 1151 681 amene ma fẽme que ie ne ꝯgnoissoys
677 668 1167 725 pas et la mis en sa saisine car il la-
675 708 1174 754 moit trop, et quãt ie euz ma fẽme cõ-
675 739 1167 804 gneue ie lui oste des mains et mẽuĩs
675 781 1169 845 par deca a tout ⁊ pource est elle appel
673 818 1171 877 lee coste, car selon les dieux et la loy
673 866 1174 916 il lauoit aussi acostee a soy cõme adã
675 906 1174 958 acosta sa fẽme a lui. et ce qͥl dit enco-
675 941 1174 997 re en pouez uous uoir aller sãs cueur
671 987 1169 1039 le corps cesta entendre q̃ toute sa pẽ-
673 1020 1171 1083 see est en la dame et tout son cueur si
673 1066 1165 1116 quil ne la peut oublier. Or tay dit la
679 1106 1169 1164 signifiãce qͥl ta dicte de moy ⁊ de lui-
673 1143 1171 1200 or mẽ puis biẽ aller quãt ie uouldray
673 1185 1171 1241 Cest uoir fait le geant mais moult
673 1225 1171 1281 uouldroye sil te plaisoit q̃ tu demou-
673 1270 1171 1320 rasses car ta cõpagnie me plaist bien
673 1310 1169 1364 Et cil dit qͥl ne demourera pas. lors
673 1345 1174 1402 uient a ses cheuaux et les appareille
673 1391 1171 1441 et monte lui ⁊ sa fẽme ⁊ se part du ge
673 1431 1174 1485 ant qui moult est dolent dela depar-
671 1468 1167 1522 tie. Et le geant uiẽt au roy et lui dist.
673 1506 1171 1562 or te diray la signifiãce de ta deuinail
671 1550 1169 1602 le. Lors lui cõte tous les erremens de
673 1587 1171 1643 lui et de sadoc tout ainsi cõme sadoc
671 1627 1174 1685 lui auoit cõte. et quãt le roy lot si dist
675 1666 1169 1729 Haa sadoc ma deceu ia ne le sceus-
673 1706 1171 1768 ses se ne fust il, il ta donne la uie et de
671 1750 1171 1804 liure de mort, ce poise moy tu es bien
673 1793 1169 1845 acquitte uers moy et moy uers toy. or
673 1835 1169 1887 men ueulx aller car ie ne ueulx plus
675 1872 1169 1925 icy demourer. Tu nas garde que ie
675 1918 1171 1964 toccie fait le geant mais demourer te
673 1952 1165 2022 fault pour nous faire compagnie car
