1759 2500
491 268 996 322 tu es bon cheualier et sage et pource ie
496 312 994 362 ueulx que tu demeures auecq̃s moy
491 350 994 395 iusques a tãt q̃/ auãture amainne ca
493 389 996 443 ung qui soit plus sage q̃ toy ⁊ lors tẽ
496 427 996 479 pourras aller que ia plus ne te reten-
491 466 996 516 dray. Quãt le roy louit si fut moult
489 508 992 556 dolẽt, car il a grãt paour quil ne lui
493 545 996 602 faille illec trop demourer mais a tãt
489 585 994 641 laisse le conte a parler du roy pelias ⁊
498 625 687 683 parle de sadoc
491 675 994 720 Cõme le geant amena leroy pelias
491 710 994 770 et comme sadoc et sa fẽme furẽt deli-
489 747 923 802 urez du geant xiiii.
614 795 992 841 OR dit le conte que quant sa-
616 829 989 883 doc fut parti du geant ilz
608 875 992 922 cheuaucherẽt tãt qͥlz furẽt-
491 906 994 960 hors de la forest ⁊ uindrent a ung cha
493 956 992 1008 steau ⁊ entretãt quilz passoiẽt parmi
491 1000 994 1043 ce chasteau pour uenir en la mer pour
500 1031 992 1085 passer en la grant bretaigne le seigñr
489 1070 994 1129 du chasteau les arresta pource que sa
489 1108 996 1166 doc estoit arme ⁊ demãda qui il estoit
491 1154 992 1204 Et sadoc lui respondit qͥl estoit ung
493 1200 996 1245 cheualier destrange pais et sen alloit
496 1233 994 1287 en la grãt bretaigne. Or fait le seigñr
493 1275 996 1327 demourez huimais et ie uous feray
491 1314 994 1366 bien et beau heberger. et sadoc lui dist
493 1360 996 1406 qͥl ne demoureroit pas car trop auoit
491 1402 994 1447 ailleurs a faire, toutesfois tãt le pria
491 1443 996 1489 le seigneur q̃ sadoc demoura, et le sei
493 1477 998 1529 gneur les mena en la mestresse forte-
493 1518 996 1575 resse et puis le fist desarmer et sassist
491 1554 996 1608 deuers lui et puis le cõmẽce a deuiser
491 1600 994 1647 et dist que cestoit cil qui sestoit cõbatu
491 1641 994 1693 au roy pelias en gaule et cestoit le che
493 1685 998 1733 ualier du monde quil prisoit plus et
491 1720 998 1777 louoit de cheualerie, ne il ne cuidoit
493 1762 996 1814 pas quil fust crestiẽ. Aprez menger le
498 1802 994 1852 seigñr dist a sadoc. Sire dictes moy
500 1839 987 1893 par la foy q̃ uous deuez a dieu se uoꝰ
493 1889 996 1933 estes celui qui se cõbatit en gaule con
493 1920 994 1975 tre leroy pelias deuãt le roy maroneꝰ
496 1964 992 2075 pour ceulx de cornouaille. Sire ouy
1071 268 1569 333 fait sadoc ce suis ie. Et ou auez uous
1069 310 1571 375 de puis demoure fait le preudõme et
1071 350 1569 406 ou allez uous dictes moy tout uostre
1069 389 1571 445 estre car ie uous cõseilleray a mõ pou
1071 433 1571 487 oir. Et sadoc lui cõmẽce a cõter tout
1071 472 1569 527 son estre et cõmẽt il se partit du roy pe
1067 514 1571 568 lias et par quelle acheson ⁊ dist quil
1071 552 1569 608 sen ua en la grant bretaigne, car sil y
1069 597 1567 654 estoit il seroit plꝰ aise entre ses amis q̃
1073 633 1571 689 entre plus estranges, or uous ay dit
1071 675 1571 729 tout mõ estre or pensez de moy cõseil
1069 716 1571 768 ler. Sire dist le preudõme/ ie uous cõ
1069 754 1571 812 seilleray en celle maniere q̃ uous en de
1071 795 1571 854 uerez estre cõtent. Sire cest chasteau
1071 837 1569 889 est mien et de mõ droit heritage ⁊ lay
1071 877 1571 927 tenu toute ma uie en paix, mais tant
1071 914 1569 975 de mal mest aduenu que ie/ nay nulz
1073 954 1569 1016 hoirs de mon lignage qui aprez moy
1069 997 1569 1052 le puissẽt tenir si en sont mes hõmes
1071 1037 1571 1100 trop amalaises et nõ pourtãt pource
1073 1083 1569 1137 que ie uoꝰ scay a bon cheualier preux
1071 1120 1571 1172 et hardi ie uous feray une chose qͥ bien
1071 1158 1571 1218 uous deueroit plaire se uous estiez sa
1081 1206 1569 1254 ge. Et quelle chose dist sadoc. Sire
1071 1235 1571 1291 dist le preudõme ie feray tãt que tous
1071 1283 1571 1333 mes hõmes uous feront hõmages/ et
1071 1320 1571 1372 q̃ tout mõ heritage sera uostre apres
1071 1364 1569 1414 ma mort sil uous plaist, et uous me
1071 1400 1569 1452 promettres que uous enuers toꝰ mes
1071 1439 1571 1500 hõmes garãtirez cõme seigneur doit
1075 1485 1569 1539 ses hõmes garantir, et certes ie scay
1071 1529 1571 1575 bien que se uous uoulez uous les ga-
1071 1562 1569 1614 tantirez bien contre tous car uous e-
1073 1608 1567 1656 stes bon cheualier, et encore pourres
1071 1643 1567 1695 uous biẽ conquerre plus de terre q̃ ie
1073 1687 1569 1735 nay tenue, car uous estes ieune hõme
1071 1729 1567 1781 et bon cheualier. Et sadoc dit que sil
1071 1764 1565 1814 fait ce quil lui dit qͥl demourera. Et
1069 1804 1565 1854 le preudõme tantost illec lui fist don
1069 1845 1565 1893 ner sa terre et dit quil lui fera faire hõ
1073 1883 1558 1937 mage de tous ses hõmes dedẽs troys
1071 1922 1565 1977 iours et sadoc demeure et len mercie
1067 1966 1527 2043 de celle bonte quil lui auoit faicte.
