1685 2500
129 283 617 335 Ainsi demeure sadoc au chasteau de
125 318 617 375 tiriadam lenchanteur qui aĩsi estoit
125 354 617 414 nomme, et sans doubte cil qui auoit
123 395 617 450 ce chasteau fonde eut nom tiriadã et
125 433 615 491 sut enchanteur merueilleux. Tous
120 477 613 531 les hõmes de la terre et du chasteau
125 514 615 575 firent hõmage a sadocet le recẽsserẽt
118 550 617 614 uoluntiers a seigñr par ce que leur si
125 597 617 654 gneur leur dit de sadoc. Si aduĩt en
118 637 613 689 cel an mesme que le sire du chasteau
118 677 611 735 mourut si que tout lui demoura qͥtte
118 714 615 770 et deliure. Ainsi demoura sadoc et sa
120 756 613 816 fẽme eu chasteau de tiriadã, et sachez
118 793 613 856 que ilz auoiẽt si oubliee la loy crestiẽ
116 829 613 889 ne quil ne leur en souuenoit point. et
116 879 613 933 ceulx du chasteau cuidoiẽt quilz ne
118 914 613 975 fussent pas crestiẽs car/ ilz se deme-
116 950 613 1012 noient tout en la loy payenne et ainsi
116 989 606 1052 furent bien. xu/ ans mais a/ tãt en lais
116 1037 611 1095 se le cõte a parler et retourne a apolo
116 1081 304 1131 lauantureux
135 1114 606 1172 ¶ Cõme et pourqnoy apolo se par-
116 1158 613 1214 tit decornouaille et cõme le geant le
116 1197 604 1254 trouua en la forest et lẽmena .xu.
233 1233 606 1293 EN ceste partie dit le conte q̃
233 1279 606 1329 tãt nourrit nichorãt apollo
225 1316 606 1370 lauantureux quil fut grãt
114 1354 613 1412 homme et preux et cuidoit urayement
112 1395 611 1454 que nichorant fust son pere ⁊ madule
112 1433 608 1493 sa mere. Quãt apolo eut .xu. ans si
116 1475 604 1533 fut si sage et si subtil que chascun ses
110 1518 606 1568 merueilloit de son sens il reperoit en
110 1554 608 1608 lostel du roy thanor auecq̃s les aul
112 1595 608 1647 tres seigneurs et le fist le roy cheuali
114 1635 606 1687 er et lui dõna belle terre et riche, et pẽ
114 1672 604 1731 sa quil lui dõneroit a fẽme une siẽne
116 1716 606 1772 parente. Ung iour estoit nichorant
112 1760 606 1808 auec le roy thanor en sa chambre a pri
114 1797 606 1850 ue si dist au roy Sire que uous sem
110 1835 608 1887 ble dapolo. Certes fait le roy cest le
112 1877 606 1927 ieune cheualier du monde que ie prise
112 1912 604 1970 le plus, car il est beaux et preux et sa-
112 1958 604 2033 ge et si mesmerueille dont lui uient si
692 277 1188 331 grant sens. et ainsi me puisse dieu ai
688 316 1190 368 der que ie uouldroie quil fust aussi bi
688 358 1190 406 en mon/ filz cõe il est le uostre. Or dic-
688 397 1186 450 tes fait nichorant si uous auiez ung
688 437 1186 489 enfant qui a si grant bien deust uenir
688 477 1188 531 par sa prouesse cõme cil est et ung hõe
688 520 1190 570 le mist a mort auãt quil eust deux ãs
692 552 1190 610 passez que iugeriez uous de celui qui
688 593 1190 643 lenfant auroit occis. Et le roy qui de
690 637 1190 687 ce ne se prenoit garde dist Ie iugeroye
688 672 1188 725 que on le destruisistia si hault hõme
688 714 1190 764 ne fust. Et cil cõmẽce a rire, dit tout
686 754 1188 804 bas Roy uous uous iugiez de uostre
686 793 1188 850 fait mesme. Le roy qui uoit nichorant
686 835 1186 887 rire lui dist. Pourquoy mauez uoꝰ de
686 877 1190 925 mande ce iugemẽt. Sire fait il or ne
686 912 1188 966 uous chault, car ie ne le diroye a hõe
686 956 1190 1006 du mõde. Cõmẽt dist le roy ne le me
684 993 1186 1045 direz uous pas. Sire non sauue uo-
688 1039 1188 1095 stre grace. Par ma foy fait le roy dõc
684 1075 1184 1131 est chose qui est contre moy et se uous
681 1112 1182 1166 le me uoulez dire debõnairemẽt ie uoꝰ
684 1158 1184 1206 en scaroy bon gre et si non si le scaroy
684 1193 1184 1247 ie mal gre uous et si uous en feray hõ
684 1235 1184 1287 te Quant nichorant ouyt ce si fut biẽ
681 1272 1180 1331 dolent et se repentist uoluntiers mais
684 1312 1184 1368 il ne peult. Sire fait il de ceste chose
681 1358 1184 1406 ne uous uouloys rien dire pource que
684 1400 1186 1450 le iugemẽt que uous feistes estoit con
681 1439 1184 1495 tre uous. Comment dist le roy Sire
684 1477 1180 1533 fait nichorant ie le uous diray mais
681 1518 1180 1568 moult me poise quãt ie cõmẽcay huy
684 1556 1182 1614 ceste parolle. Sire celui iugement q̃
681 1600 1182 1656 uous feistes chiet sus uous pour apo
679 1639 1182 1691 lo que uous portastes iadis en la fo-
684 1681 1180 1731 rest pour perir et le laissastes empres
681 1722 1178 1775 la fõtaine pource q̃ les bestes le trou-
684 1762 1180 1814 uassent et le destruisissent, et moy et
681 1795 1178 1856 ma fẽme qui estions pres dillec lalas
679 1839 1178 1889 mes querre et oster du ꝑil. Et lauõs
681 1879 1176 1937 nourry tant quil uint en/ uostre hostel
684 1922 1176 1972 ⁊ que uous lauez fait cheualier ⁊ pour
681 1964 1171 2035 ce que uous le loyez tant en parlayie
