1759 2500
485 277 985 325 ce que ien diz pour scauoir que uoꝰ en
485 310 989 362 diriez et tout maintenãt uous en fei-
489 356 983 408 stes le iugement cõme uous scauez.
487 393 985 450 Quant le roy ouyt ce si fut tout esba
485 435 985 485 hi eteut grant paour que ce ne lui ad
485 475 987 529 uiẽgne que le sage lui dist, car apolo
487 518 989 564 est ung des meilleurs cheualiers que
485 552 987 606 il ueist oncques et puis dit. Uous fi
485 591 987 652 stes bien et si fistes mal, uous feistes
485 639 987 687 bien selon pitie car on doit auoir pitie
483 672 987 725 de nature et de creature qui est formee
483 712 983 764 en nostre semblance, mal feistes qui
483 754 985 804 deliurastes celui de mort a qui uostre
487 791 987 852 seigneur lige uouloit mal. A tant se
483 837 987 885 taist le roy que plus mot ne dit mais
485 883 987 933 toutesfois pensa il autre chose que la
485 918 983 970 bouche ne disoit ne il ne fist adõcques
485 956 987 1010 nul semblant a nichorãt quil ne lui
487 997 987 1056 fust riens de ce quil auoit apolo deli-
487 1039 985 1095 ure de mort, mais toutesfoiz pensa il
487 1079 987 1131 en son cueur quil les traira a mort sil
487 1118 989 1179 peut et lung et lautre si sagement qͥl
485 1158 989 1214 nen pourroit estre blasme Ung iour
489 1206 989 1252 chassoit le roy et perdit tous ses chi-
489 1243 987 1302 ens et ses gens fors seulement nicho
493 1279 987 1333 rant et tant que auanture les appor-
491 1322 989 1375 ta a la fontaine droit ou le roy iadis
491 1362 989 1416 auoit aporte apolo pour le destruire
491 1406 992 1456 lors lui souuĩt de ce que nichorãt lui
491 1447 989 1495 auoit dit. lors dist a nichorant De ce
491 1485 989 1537 lieu cy ostas tu celui par qui ie doibs
496 1527 985 1577 mourir ce me dist iadis ung sage phi
491 1568 992 1616 lozophe, et cil eust este icy mort ie ne
491 1606 989 1656 doubtasse hõme uiuant, et quant tu
491 1643 989 1700 sauuas celui par qui ie doy mourir a
493 1691 992 1739 mourir te conuient tout premier Lors
493 1727 992 1775 trait lespee et le fiert a mort parmi la
493 1764 989 1818 teste, et cil chiet qui sceut bien quil est
493 1806 989 1858 feru a mort et le roy descẽd et lui bou
493 1847 989 1897 te lespee parmi le corps, et cil se pas-
493 1883 992 1939 me et se scent de la grant angoisse qͥl
496 1929 989 1981 scent auxi cõme sil fust mort. Quãt
496 1966 985 2041 le roy eut ce fait si sen retourne querãt
1064 277 1556 335 sa mesgniee ⁊ en treuue aucuns ⁊ sen
1062 316 1561 375 ua a son chasteau. Apolo auoit toute
1064 356 1556 418 iour chasse et si bien lauoit fait q̃ tous
1067 393 1561 452 ses cõpaignõs le laisserent et cheuau
1062 439 1563 493 choit tout derriere ses cõpaignons. et
1064 475 1561 531 tant alla que aduãture le porta uers
1062 518 1561 572 la fontaine ou nichorant gisoit q̃ en-
1062 560 1565 612 cores nestoit pas mort. Quant apo-
1062 597 1565 656 lo uoit celui quil cuidoit qui fust son
1067 639 1563 695 pere si descend et cõmence a faire sur
1062 677 1563 729 lui tel deul que nul ne le uist a qui il
1067 716 1563 772 nen print pitie. Et quant nichorãt en
1067 758 1563 818 tent le deul que cil maine si euure les
1067 797 1565 854 yeulx et uoit que cest apolo qͥl amoit
1067 839 1567 893 tant, et pource quil estoit mort si dist
1067 879 1565 933 Haa apollo icy uous deliuray ie de
1067 920 1563 977 mort moy et ma femme et icy suis ie
1067 956 1565 1014 feru a mort pour uous. le roy thanor
1069 1004 1565 1060 qui icy uous auoit abãdonne a mort
1069 1041 1565 1095 ma icy pour uoꝰ fait mourir les dieux
1064 1083 1565 1135 et uous que iay nourri mẽ puissent uẽ
1067 1120 1565 1175 ger. Et maintenant quil eut dicte ce
1067 1162 1563 1220 ste parolle lame lui partit du corps si
1067 1204 1558 1256 que apolo le uit bien. Quant apolo
1067 1243 1565 1297 le eut grant piece ploure si le prent
1069 1283 1563 1339 par deuant lui puis lẽporte a sõ ma-
1069 1331 1565 1377 noir, et lors demande chascun qui se
1067 1364 1563 1418 dõmage auoit fait. Et apolo dit que
1067 1404 1563 1458 ce auoit fait le roy thanor. Assez out
1069 1447 1565 1506 fait deul et priuez et estranges et puis
1067 1487 1565 1537 ont mis le corps en terre moult hono
1069 1527 1531 1579 rablement a loy de gentil homme
1067 1562 1565 1616 Quant il fut mis en terre apolo dist
1069 1610 1563 1658 a sa dame. telles parolles ma dit ni-
1064 1643 1563 1697 choraut mõ pere quant il mourut est
1067 1687 1563 1741 ce uoir quil nestoit pas mon pere Cer
1069 1727 1565 1779 tes bel amy ouy il uous dit tout uoir
1069 1766 1563 1820 nous ne uous appartenons de riens
1069 1810 1561 1864 fors que de nourriture. Lors lui cõte
1067 1850 1548 1904 sa uie et cõmẽt le roy thanor lẽporta
1069 1883 1563 1943 pour le faire perir et le laissa empres
1069 1925 1563 1981 la fontaine et cõmẽt elle lemporta et
1067 1968 1558 2037 cõment et son mari le nourrirent.
