1685 2500
112 279 596 331 Et scauez uous dame qui fut mõ pe-
108 316 604 368 re et qui fut ma mere Certes dist elle
108 358 604 408 non, oncques ne ouy parler qui fust
106 391 600 454 uostre pere ne qui fust uostre mere Ce
108 437 598 495 poise moy Or le sache dieu fait il car
110 477 598 535 puis que ie nay ne pere ne mere ie ne de
108 520 600 570 mourray plus auecques uous ains
106 554 598 606 men iray et querray tant mõ pere que
104 595 600 650 ie le trouuerray se ie puis ou aucune
104 637 596 693 uerite de mon lignage trouueray ie.
104 668 598 729 Et lors demande ses armes et on lui
104 716 598 766 apporte et il sarme et puis mõte ⁊ prĩt
102 754 596 808 cõgie de la dame qui tãt de biens luy
104 797 594 847 auoit faiz. Lors se met au chemin sãs
118 839 594 895 parler au roy thanor tout seul sans
106 875 171 937 compagnie.
202 887 598 964 EN telle maniere cheuaucha
204 950 590 1004 apollo tout seul et passa le
104 1000 596 1052 royaume et uint en leonoys, et tãt che
100 1035 594 1085 uaucha quil uint en la forest ou le ge-
100 1072 594 1125 ant estoit, et encores estoient auec lui
98 1108 594 1168 le roy pelias et son filz et y auoiẽt biẽ
100 1158 592 1206 este. xii. ans. Celui iour que apollo
98 1191 592 1245 uint uers le perroy il trouua le geant
102 1231 592 1289 qui lui dist. Uassal arrestez uoꝰ ou
100 1281 592 1333 uous estes mort, se uoꝰ uoulez escha
100 1320 581 1370 per souldre uous conuient une de
95 1354 592 1408 mes deuinailles, se uous la foullez
95 1395 592 1447 uous estes quitte si nõ mourir uous
100 1435 592 1485 cõuiẽt. Et cil qui uoit le geant si grãt
100 1472 590 1529 que nul ne le uist qui paour ne eust se
98 1520 590 1566 est arreste, car il uoit bien q̃ il ne pour
95 1554 592 1606 roit durer a lui. Lors lui dist Di mal
95 1593 590 1654 le creature plain du deable qui oncq̃s
93 1629 592 1685 bien ne fiz ie scay/ bien ta coustume, tu
95 1677 590 1725 me diras une de tes deuinailles se ie
93 1714 590 1768 la te soulz ie suis quitte si nõ mourir
95 1756 590 1806 me cõuiẽt et aussi te diray ie une des
95 1793 590 1845 miennes et se tu ne la me soulz ie te
95 1835 590 1887 couperay la teste de la tienne espee. ⁊
95 1872 592 1929 le geant lui respond, tu dis uoir ceste
95 1916 588 1968 coustume ne fauldra ia par moy. Or
95 1954 588 2045 dy donc fait apollo ⁊ puis te diray la
677 277 1171 329 mienne. Le geant cõmence a dire en
673 316 865 372 ceste maniere.
792 358 1169 412 UNe chose uoy en ce monde.
775 397 1174 447 Qui naist sans pechenette
671 433 1171 487 et monde. De peu uient puis a moult
673 475 1171 525 grant chose. Mais le nõ dire ie ne tose
671 512 1171 562 Belle est et si ne garde leure. Car
669 550 1174 602 maintenant luy court len seure ¶Le
669 593 1169 645 pie lui a len tost oste ¶Tant gaigne
669 629 1171 681 par sa beaulte ¶Mais quant elle est
669 668 1169 731 menee au plain ¶Dõc la uerrez cour
669 712 1171 764 re de plain Mais la trace en est si sub
669 752 1171 802 tille ¶Que ne la sieuroit hõe qͥ uiue
671 793 1171 841 Sans teste et sans pie court et uoit.
669 829 1169 891 Or la deuine sil te plaist Se faulz
671 875 1171 935 a ceste deuinaille ¶Mourir te cõuien
673 912 886 968 dra sans faille.
790 947 1167 1014 APres ceste parolle respond
784 997 1165 1047 apollo et dist. cest uoir, car
667 1025 1169 1085 la chose que tu me diz naist sans pe-
667 1077 1165 1133 che et ie te diray que cest. Ce sont les
665 1118 1163 1168 arbres donc les nefz sont faictes. car
667 1152 1165 1206 arbres en leur cõmẽcement sont si pe
665 1193 1167 1245 tis et uallẽt si poy et puis mõtẽt a si
667 1235 1165 1287 grant chose cõme nous uoyons. et de
665 1277 1165 1335 tant cõme ilz sont plus grans et plꝰ
665 1312 1167 1375 beaux de tant leur coupe len plus uo
663 1356 1165 1410 luntiers les pietz et les abat len puis
669 1397 1163 1456 en fait on les nefz et les met len en la
667 1439 1161 1491 mer que nous appellons plain pour
665 1472 1165 1529 ce qͥl ny a ne mõt ne ualee et la court
663 1518 1165 1577 la nef tout de plain et ne y pert trace q̃
663 1560 1165 1610 elle face, car/ quattre choses sont qͥ par
663 1600 1165 1650 trace ne peuent estre suiuies. Couleu
663 1637 1161 1695 ure sur pierre oisel uolant en lair nef
663 1681 1163 1733 courant par mer. fẽme de mal engin
665 1714 1163 1770 sousprinse quant elle ua a son deduit
663 1758 1161 1814 et elle se gaitte, ces quattre choses ne
665 1800 1159 1852 peut len suiuir par trace. de la nes ꝙͣt
663 1841 1159 1891 elle court par mer pouons nous bien
661 1881 1157 1937 dire que elle ne a ne pie ne teste et si ne
663 1922 1155 1972 en laisse point a courre. Or tay dit la
663 1958 1155 2043 uerite de ta deuinaille par quoy me
