1759 2500
487 285 992 341 suis uers toy acquite, or te diray ie la
487 322 985 379 miẽne si uerray quil en aduiẽdra. Dy
489 364 989 418 donc fait le geant; car de la miẽne as
491 406 992 462 tu bien fait ce que tu doys. Et cil com
493 445 796 512 mence en telle maniere
606 485 987 535 EN une maison moult pluy
604 522 983 575 euse Moult gastee ⁊ moult
500 552 989 629 frileuse. Dy ie ung leu ⁊ ung aignel
489 600 992 658 Le leu cuida auoir la pel De laignel
491 647 992 697 a tout la chair. Et laignel qͥ doub-
487 683 992 739 te sa chair. Court a ung petit amecõ
491 729 944 781 Sil le iecte au lieu de tel lancon
489 768 992 822 Lendort et par ytant sen fuyt Ly ung
493 804 992 868 sen deult lautre sen rit. Lung en chãte
491 850 994 902 lautre en pleure. Dy uassal se dieu te
491 891 992 943 sequeure. Le uoir de ceste deuinaille.
498 931 954 985 Se tu y faulx saches sans faille.
493 970 996 1020 Que tu es a la mort uenu. Ia aultre
498 1014 725 1079 plait ny est tenu.
616 1041 992 1110 QUant le geant entend la
602 1083 996 1139 la deuinaille si lui demãde
496 1125 998 1189 cõment il a a nom. Iay a nom fait il
500 1170 1000 1229 apolo lauãtureux de mon nom ne te
500 1212 1000 1272 peult challoir, mais pense a souldre
498 1254 998 1308 ma deuinaille. De ceste deuinaille
500 1295 1002 1352 fait le geãt me deliureray ie biẽ mais
498 1329 1002 1387 ce ne sera deuant/ demain heure de pri
504 1375 1000 1437 me. Par ma foy dit apolo ia respit ne
502 1410 1004 1466 en auras, a dire le te cõuiẽt maĩtenãt
504 1458 1002 1508 Tu las a faire dist le geant ma cou
504 1493 1006 1547 stume est telle q̃ ie doy auoir une nuit
502 1533 1002 1591 de respit. Dõcq̃s me cõuiẽdroit il en-
502 1572 1004 1629 nuit demourer auecq̃s toy. Tu dis
502 1618 1004 1668 uoir fait le geant. / Et cõmẽt seroy ie
508 1662 1006 1718 seur de toy que mal ne me uiẽne. Ie te
508 1693 1006 1750 asseure loyaumẽt fait le geãt sur ma
508 1739 1008 1789 loy et sur tous les dieux que tu ne au
508 1779 1008 1831 ras ia garde. Lors demeure apolo a-
510 1814 1004 1870 auecques le geant. Le roy pelias ⁊ sõ
512 1858 1010 1916 filz lui firent/ moult grant/ feste et la
516 1900 1010 1960 fille au geant, et dirẽt que ilz ne uirẽt
518 1939 1008 1993 oncques mais hõme de sõ aage maĩs
518 1979 1010 2062 esbahi deuãt le geãt q̃ il aeste de grãt
1062 283 1563 333 cueur lui est uenu ce il est preudõme.
1064 318 1563 372 Celle nuit pensa moult le geant a sa
1067 358 1565 412 deuinaille mais oncques ne peust sca
1067 404 1563 452 uoir ne trouuer q̃ cestoit a dire, si sen
1067 437 1565 493 conseille au roy pelias en qui il se cui
1069 477 1567 531 doit moult fier, et celui scauoit bien
1069 522 1565 572 que cestoit a dire mais il pense que sil
1069 560 1565 612 deliure le geant de mort quil ne gai-
1069 600 1561 656 gnera riens, car il ne deliurera fors q̃
1073 637 1565 702 son corps. et son filz quil ayme tant
1069 685 1569 733 conuiendra a demourer toute sa uie
1069 725 1569 772 auecques la fille du geãt, et mieulx
1069 764 1569 816 uault quil laisse mourir le geant car
1073 806 1569 854 aprez sa mort sen pourroit il aller q̃l-
1069 843 1573 900 le part qͥl uouldroit. Lors dist au ge-
1073 885 1571 937 ant que il ne scauoit que cestoit a/ dire
1075 920 1571 975 mais pẽsez y encore se uous en pour-
1075 968 1573 1016 riez scauoir la uerite. Par ma foy fait
1075 1002 1575 1058 le geant ie ny scay tant penser que ien
1075 1047 1573 1104 sache riens A tãt en laisse le roy a par
1073 1089 1573 1137 ler qui moult/ uouldroit la mort au
1077 1122 1571 1183 geant car adonc seroit il deliure de la
1083 1166 1571 1233 prison ou il a tant este lui et son filz.
1096 1210 1567 1260 ¶Cõme apollo occist le geant et de
1079 1252 1473 1302 liura le roy pelias et son filz xui
1196 1291 1569 1335 O Lendmain a heure de pri-
1206 1325 1575 1381 me uint apolo au geant et
1204 1370 1573 1422 dist. Or me respond de ma
1079 1395 1573 1460 deuinaille ou mourir te cõuient. Et
1079 1450 1575 1500 le geant respond quil ne scauoit q̃ ce-
1081 1491 1575 1545 stoit a dire./ Par ma foy fait/ apollo
1081 1531 1573 1587 pource q̃ tu ne scais il te cõuient mou
1081 1570 1573 1622 rir par les cõuenans qui sõt entre toy
1081 1610 1577 1660 et moycar ainsi meusses tu fait se ie
1081 1652 1544 1702 eusse failly a la tienne deuinaille
1087 1689 1579 1743 Tu dis uoir dit le/ geant. Or te puis
1083 1729 1581 1783 ie occire se ie uueil ou laisser uiure dit
1085 1772 1577 1827 apollo Il est uray fait le geant en toy
1083 1812 1577 1862 en est. Or me baille ton espee fait apo
1083 1850 1577 1904 lo si uerras que ie feray pour lamour
1085 1889 1579 1943 de toy et cil lui baille Cuidãt q̃ apo-
1083 1931 1573 1981 lo ne eust iamais le cueur de loccire.
1087 1966 1565 2037 Et quãt apolo tint lespee qui pesante
