1657 2500
66 258 554 316 estoit durement, si la hausse a deux
66 300 558 354 mains et la laisse aualler sur le geãt
66 339 554 402 si rudement qui desarme estoit quil le
68 377 556 443 fendit iusques aux dens et le geãt se
66 425 558 479 stend a terre tout mort. Et quãt apo-
62 458 556 520 lo le uoit mort si dist au roy pelias, si
64 497 550 554 re or pourrõs aller quelle part q̃ noꝰ
62 543 556 595 uouldrõs par cestui ne ferõs nous ia
64 583 295 643 mais destourbez
118 612 558 683 QUant la fille au geãt boit son
91 660 550 718 pere mort si cõmẽce a faire trop
45 697 552 760 grant deul et le roy pelias la cõmẽce
60 735 554 795 a conforter et lui dist et promet tant q̃
60 781 556 831 elle laisse son deul a faire et dist que
60 816 554 875 elle yra q̃lle part quil uouldra ⁊ luy
58 864 552 910 dist que il lamenera a leonoys. ⁊ apo
56 900 556 950 lo uient a son cheual ⁊ monte ⁊ ueult
60 939 550 1002 prẽdre cõge du roy pelias et lui dist.
60 972 556 1037 Se nauez mestier a uenir uous cõui
56 1016 554 1070 ent auecques moy et sachez q̃ ie uoꝰ dõ
58 1062 552 1112 neray belle terre et riche dont uous
60 1095 552 1154 uous deuerez bien tenir a paye. Tãt
60 1137 554 1200 dist le roy pelias a apollo que il luy
60 1183 554 1235 octroye sa uolunte a faire. Lors mon
58 1225 554 1270 tentet laissent le geant mort deuãt le
56 1262 546 1318 dõion. Et apollo dist au roy pelias.
62 1295 548 1352 Sire ce se geãt qui cy gist mort eust
58 1335 552 1391 sceu la deuinaille de sa mort bien luy
58 1377 550 1439 fust aduenu, car de sa mort est la de-
52 1418 552 1470 uinaille que ie lui auoys faicte. Et le
58 1454 554 1516 roy lui dist. uoꝰ dictes uoir, car si tost
56 1500 550 1550 que il le me eust dit ie sceu bien que ce
60 1537 550 1595 stoit a dire et benoist soit dieu qui icy
56 1585 548 1635 uous a amene, car se uous ne fussiez
56 1618 541 1666 uenu ie ne euse iamais este deliure
56 1656 550 1708 de la prison ou iay tanteste, oncques
56 1697 552 1747 ne aduint mieulx a hõme quil me est
56 1737 548 1793 aduenu par uous. Lors sen uõt tous
56 1779 552 1829 quattre ensemble et cheuaucherẽt tãt
58 1818 550 1870 quilz uindrent en ung chasteau qui e-
75 1858 298 1920 stoit au roy pelias.
129 1895 550 1952 QUant ceulx de leonoys uirent
122 1939 550 2029 leur seigneur que ilz cuidoient
631 258 1131 312 quil fust mort si lui firẽt moult grãt
635 297 1131 356 feste et firent scauoir la nouuelle par
631 341 1133 387 tout leonoys que leur sire est reuenu
631 379 1131 429 sain et haitie Quãt ilz sceurẽt ce si uĩ
629 414 1131 470 drent a lui au plus tost quilz peurẽt
631 458 1131 514 si le receurent moult honorablement
631 495 1133 556 et lui firent grant feste et lui disdrẽt
635 535 1123 587 Sire nous auons puis perdu de
631 577 1133 629 uostre terre et moult auons souffert
629 614 1129 668 depuis paines et douleurs, et tout ce
631 654 1131 710 nous a fait le roy de cornouaille qui
633 695 1129 754 puis ne noꝰ fina de guerroyer des lors
629 737 1131 793 quil sceut que uous estiez perdu. Or
629 777 1129 833 ne uoꝰ chaille dist le roy car il ne noꝰ a
635 816 1131 877 fait dõmage ne chasteau tollu queil
631 854 823 943 ne nous rende
742 885 1131 952 GRant fut la feste que ceulx
742 941 1131 985 de leonoys firent a leur sei-
629 979 1129 1029 gneur. Ilz karollent et font tuer ua-
627 1008 1129 1066 ches et brebis et chieures pour sacrifi-
627 1054 1129 1108 er a dieu qui leur seigneur leur a ren-
625 1093 1127 1152 du. Quant le roy pelias ce fut ung
627 1137 1129 1193 petit repose si cõmẽca la guerre maĩ-
625 1177 1090 1235 tenant contre le roy de cornouaille
629 1220 1127 1272 Quant ceulx de cornouaille uoyent
629 1258 1125 1312 que le roy pelias commence la guerre
625 1300 1129 1352 contre eulx si eurent grant paour car
627 1337 1129 1389 bien scaiuẽt que ilz ne pourront a luy
625 1379 1129 1435 durer et bien uoyent que ilz nauront
623 1420 1125 1479 secours de nulle part car le bõ roy ma
627 1456 1125 1510 roneus estoit nouuellement mort ⁊ si
625 1497 1123 1552 regnoit lors childerich son filz qͥ assez
623 1543 1123 1589 estoit mauuais roy et couart. Celuy
623 1575 1127 1631 childerich manda au roy pelias quil
623 1614 1125 1670 laissast la guerre quil auoit cõmen-
623 1658 1125 1712 cee contre ceulx de cornouaille ⁊ il lui
625 1697 1123 1750 manda que non feroit ains destrui-
623 1741 1125 1791 roit toute cornouaille se il pouoit, car
625 1779 1025 1837 ilz lui auoient assez mal fait
635 1820 1125 1879 ¶Cõe et pourquoy ceulx de cornou-
625 1858 1121 1918 aille se fyent au roy dirlande xuii
746 1906 1123 1958 QUant ceulx de cornouail
716 1937 1121 2037 le uirent quilz naroiẽt nul
