1735 2500
504 258 1003 320 secours du roy de gaule si eurẽt paour
504 306 1003 352 du roy pelias quil ne les destruisist
504 341 1003 400 si mãderent secours au roy dirlande
500 381 1003 435 et quilz lui rendroient tribu chascun
502 425 1000 475 an eulx et leurs hoirs tel cõme le roy
500 462 1003 512 mesme le deuiseroit. Le roy dirlande
502 504 1000 554 auoit a nom thanosor bon cheualier
502 541 998 597 uaillant et hardi, et quant il oyt ce q̃
502 585 1000 635 ceulx decornouaille lui offroient tri
500 622 1003 672 bu il semõt tous ses hõmes quil peut
500 660 1000 714 auoir et sen uient par mer en cornou-
500 700 1000 752 aille et cõmẽca la guerre moult grãt
502 737 998 797 Si aduint a celle guerre que le roy
504 787 998 841 pelias fut occis dõt ceulx deleonoys
500 822 1000 879 se tindrent a desconfiz si courõnerent
502 864 1000 916 maintenant luques a roy et maintin
500 904 998 958 drent si bien puis la guerre que ilz ne
508 941 998 1000 perdirent riens contre ceulx de cor-
502 983 629 1050 nouaille.
615 1006 998 1077 QUant ceulz de cornouaille
608 1058 998 1110 uirẽt quilz ne uendroiẽt pas
506 1093 1000 1156 au dessus de la guerre si pourchasse-
504 1145 1005 1195 rent paix a ceulx de leonoys en telle
502 1187 1003 1235 maniere que chascun tendroit sa terre
504 1218 1003 1279 en paix et qui plus auoit meffait si le
502 1264 1003 1314 amendast au roy dirlande pource qͥl
502 1300 1007 1356 les estoit uenus secourir, et bien recon
508 1343 1000 1395 gnoissoient quilz eussẽt este descõfiz
504 1385 1003 1439 se il ne fust uenu. Lui fut establi sus
506 1429 1005 1475 ceulx de cornouaille chascun/ an cent
504 1462 1003 1516 damoiselles et cent iouuenceaux de
504 1508 1005 1558 laage de xxu. ans et cent cheuaux de
508 1550 1005 1602 pris. et fut celui treu establi au temps
506 1583 1007 1637 du roy thanosor dirlande qui depuis
508 1622 1007 1675 dura deux cens ans et fut chascũ an
510 1670 1003 1716 rendu iusques au tẽps du roy marc-
506 1704 1003 1754 mais en celui temps faillit le treu-
506 1743 1007 1795 rar lebeau Tristẽ le bo cheualier le a
508 1785 1005 1839 moureux se cõbatit a mothoult fre-
510 1827 1007 1877 re de la royne dirlande le quel estoit
508 1864 1005 1918 uenu pour le treu demãder en cornou
508 1904 1005 1954 aille, et fut occis en lisle saint sansõ.
512 1950 1003 2041 sicõme nostre histore le deuisera aprez
1199 258 1572 320 QUant celui truage eut este
1190 308 1572 364 establi si sen retourna le roy
1082 341 1572 402 dirlãde et les deux royaumes demou
1080 385 1572 439 rerent en paix car lung ne demanda
1078 425 1572 477 riens a lautre. Ung poy aprez auĩt
1078 464 1574 520 que la feste ma dame uenus que les
1078 506 1572 560 payens faisoient moult haultement
1080 543 1572 604 fut au huitieme iour de lẽtree de may
1078 585 1574 639 en la marche de ces deux royaulmes
1082 622 1574 677 en ung temple qui estoit en/ ung petit
1078 664 1574 716 boys que len appelloit hercules pour
1080 704 1574 760 ce que hercules sy estoit iadis cõbatu
1082 743 1578 795 contre ung geant. A ceste feste uenoiẽt
1082 783 1576 841 chascun an le roy decornouaille et ce-
1082 825 1576 875 lui de leonoys et pour ueoir la sepul-
1084 862 1576 925 ture ou coy pelias qͥ illec se estoit fait
1080 904 1574 964 enfouir. Sadoc qͥ marchisoit au roy
1080 947 1576 997 aume de leonoys ouyt parler de cel-
1078 985 1578 1041 Le feste et ouyt deuiser que le roy peli-
1082 1027 1578 1083 as que il tant amoit estoit enterre en
1082 1064 1576 1122 ce temple si pensa que il iroit ueoir la
1086 1110 1574 1162 feste et la sepulture. si monte lui et sa
1082 1145 1576 1197 femme et troys cheualiers et cheuau
1080 1187 1576 1237 cha tant parmi leonoys quil approu
1082 1227 1576 1277 cha du temple. il fist sa femme et ses
1082 1266 1574 1322 troys cheualiers demourer chiez ung
1084 1304 1578 1360 forestier et cheuaucha tout seul ⁊ tout
1082 1347 1576 1402 desarme fors que de son espee ueoir le
1082 1389 1576 1443 temple ⁊ le sepulchre si encõtra le roy
1082 1429 1576 1477 thanor arme de haubert et de heaume
1084 1470 1576 1520 cõme celui qui se doubtoit du roy de
1082 1512 1576 1564 leonops, mais il auoit sa cõpagnie
1086 1550 1574 1604 si prez laissee de lui que sil en eust eu
1082 1589 1578 1641 besoing tost eust este secouru. si aduĩt
1082 1627 1576 1677 que il uĩt sur une fõtaine ou sadoc se
1082 1666 1576 1714 estoit assis et regardoit leaue qͥ mõlt
1082 1704 1570 1764 estoit belle si lui demanda son nõ sãs
1082 1745 1574 1802 saluer, et cil lni dist quil auoit nom
1082 1789 1576 1845 sadoc. Cõmẽt fait le roy thanor estez
1082 1831 1574 1885 uous celui sadoc qui se ꝯbatit au roy
1084 1866 1570 1922 pelias pour ceulx de cornouaille Oy
1080 1908 1574 1960 ce suis ie uoiremẽt mauuaisemẽt me
1080 1947 1576 2022 rendirent ceulx de cornouaille la bon
