1636 2500
58 252 543 308 te que ie filz pour eulx adonc. Certes
58 283 543 347 se dist le roy thanor se uous bõte leur
68 318 537 387 fistes aussi grant hõte leur fistes uoꝰ
58 364 546 427 aprez car uous amenastes mauuaise
54 397 543 462 ment la royne chelinde de leonoys et
56 445 543 502 cest une chose que uous acheterez chie
54 477 546 545 rement car mourir uous en conuient
56 520 541 583 Quãt sadoc se oyt menasser si sault
60 566 546 627 sus et print son manteau et le teurt en
54 600 543 658 tour son bras ⁊ trait lespee ⁊ le roy lui
54 645 541 704 court sus et fait sẽblant de le ferir par
54 683 543 739 la teste et cil iecte le bras encontre et le
58 725 546 785 roy retraist son coup et lui dõne a bro-
58 760 546 825 que parmi le corps, et sadoc chiet a ter
56 797 541 864 re qui sceut bien qͥl estoit naurea mort
60 843 537 908 et le roy passe oultre qui uoit bien que
52 881 543 937 il est oultre, mais il ne fut mie grãde
54 922 539 983 mẽt eslongne q̃ sadoc est redresse ⁊ es-
52 964 543 1018 touppe sa playe au mieulx quil peut
54 1004 543 1066 car se il peut uenir a sa fẽme ainsi na-
54 1047 541 1100 ure cõme il est mieux ayme il a mou
54 1081 541 1139 rir auec elle que en autre lieu si se met
52 1120 541 1179 au chemin en telle maniere et encõtra
52 1162 541 1220 le roy luce le filz au roy pelias ⁊ apol
54 1206 543 1260 lo qui alloient tous seulz sans autre
54 1250 543 1300 cõpagnie ueoir la feste et le sepulchre
54 1289 543 1339 du roy pelias et estoiẽt tous deux a
56 1329 543 1385 pie mais armez estoiẽt dautelles ar-
54 1366 543 1418 mes cõme le roy thanor portoit car il
54 1406 546 1462 auoit fait apolo cheualier ⁊ lui auoit
54 1445 485 1500 cõmande quil portast ses armes
127 1481 546 1545 QUant sadot uoit apollo aĩsi
125 1531 543 1581 arme si cuida que ce fust celuy
56 1568 543 1625 qui naure lauoit si dist tu meas occiz
54 1612 543 1658 mais ie me uengeray de toy se ie puis
54 1647 546 1704 Lors trait lespee et fiert apolo si grãt
52 1687 546 1739 coup que il en est tout estourdi ⁊ chiet
54 1729 546 1777 a genoulz puis il se relieue maĩtenãt
56 1768 546 1825 et dist. Sire cheualier uous me auez
56 1808 546 1864 feru sans raison mais uous uous en
52 1845 546 1900 repẽtirez. lors trait lespee et fiert sadoc
54 1891 546 1945 si duremẽt quil le fẽt tout iusq̃s aux
54 1929 546 1981 dens et cil chiet mort. Le roy luce con
54 1966 546 2050 gneut sadoc et dist. Haa fait il uous
623 241 1117 289 auez occiz le meilleur cheualier du
623 275 1119 335 mõde. ce fut celui dõt nous auõs tãt
625 318 1117 370 parle qͥ se cõbatit a mõ pere ꝯtre ceulz
621 358 1119 412 de cornouaille. Cõmẽt fait apolo est
625 397 1117 460 ce sadoc du chasteau de tiriadan. Oy
623 439 1092 495 pour uoir fait luce cest il uoirement
623 472 1119 535 Par ma foy fait apolo de ce ne me dõ
625 514 1114 575 noys ie de garde, or regardez q̃ nous
625 554 1114 612 en pourrõs faire. Par ma foy fait lu
621 597 1117 650 ce pource que cestoit le meilleur cheua
623 637 1117 689 liec que ie sceusse fors uoꝰ ie lui feray
623 675 1117 729 tant de hõneur que ie le feray enfouir
623 720 1114 772 de coste mon pere et deuant ma dame
625 762 1119 814 uenus, et ie me y accorde dit apollo ⁊
623 797 996 860 lors met son espee au fourel.
683 833 1117 897 EN telle maniere mourut sadoc
689 885 1114 937 pour la desloyaute de son filz.
625 918 1119 979 et lors le prennent si lẽportent et encõ
623 962 1119 1010 trent le roy thanor qui reuenoit tout
623 1000 1117 1056 seul du tẽple Quãt apolo le uoit si le
618 1041 1114 1095 cõgnut tãtost si le mõstre au roy luce
623 1085 1117 1133 et dist. Ueez cy le roy de cornouaille.
621 1122 1114 1172 Lors saillit le roy luce tout ire et dist.
623 1158 1117 1218 Il a fait que fol qui sans mõ cõge est
621 1202 1119 1250 entre en ma terre, lors met la main a
618 1241 1117 1295 lespee et dist. Roy thanor ie uous defy
623 1287 1110 1343 gardez uous de moy. lõguemẽt auõs
623 1325 1112 1375 mene guerre or le cõperra lung de noꝰ
618 1364 1117 1418 deux, lors sẽtrefierẽt mõlt durem̃t ⁊
621 1406 1119 1456 sẽtrefõt plusieurs playes et dura lon
623 1445 1119 1495 guemẽt la bataille mais au derrain
625 1491 1119 1543 ferit si le roy thanor le roy luce quil le
623 1525 1119 1581 naura a mort et cheuta terre, et quãt
625 1562 1119 1620 apollo uit ce si demãda au roy luce. si
621 1606 1119 1664 recomment uous est. Apollo fait il ie
625 1650 1121 1704 suis naure a mort. se tu oncq̃s me ay-
621 1687 1121 1737 mas pẽse de moy uẽger. et cil respont
623 1727 1119 1785 Iamais nauray hõneur quãt ie uous
623 1768 1119 1818 ay laisse occire auecq̃s moy lors court
625 1810 1121 1866 sus au roy thanor lespee traicte, quãt
621 1850 1119 1900 leroy le uit uenir si lui dist. Tire toy
623 1889 1119 1947 arriere apollo car ie te fiz cheualier et
625 1933 1110 2025 pource ne doiz tu mettre mai sur moy
c i
