1855 2500
454 320 1098 377 ma mere nen scet riẽ. Mais ta me-
456 358 1104 433 re scet bien qui est ton pere Et se el
456 414 1102 475 le uouloit dire uerite elle le diroit
456 466 1100 525 mieulx que tu ne feroies, car tu ne
456 510 1098 575 scaurois dire qui est ton pere; et ie
456 560 1098 622 diray bien qui est le miẽ. Et ta me
456 602 1100 672 re pourroit mieulx dire quel filz tu
456 654 1040 720 es que mere ne feroyt de moy.
458 702 1098 770 Et alors le iuge regarde sa mere ⁊
458 750 933 831 lui dist en ceste maniere.
566 845 881 918 Commẽt le iuge
569 910 862 972 demande a sa
564 943 875 1020 mere sil estoit sõ
569 1004 860 1072 filz et qui estoit
581 1058 735 1125 son pere.
479 1154 500 1268 B
569 1143 1104 1214 Elle mere ne suis ie pas urẽ
543 1200 1106 1268 filz de uostre loyal/ espoux ⁊
462 1245 1048 1314 seigneur. Et la mere respondit.
464 1300 1108 1368 Dieux beau filz ⁊ a qui seriez uous
462 1345 1108 1416 doncques filz sinõ a monseigneur
460 1397 1106 1462 mon espoux et mary qui mort est a
462 1443 1104 1510 qui dieu pardoint. Et merlin res-
464 1491 1110 1564 pondit. Ie ne me tenroy mie a tant
464 1543 1108 1608 q̃ ie ne deisse uerite. Mais se uostre
466 1591 1110 1662 filz ueult quitter ma mere ⁊ moy ie
464 1637 1113 1704 ne dire mot; et si ne ueult ie diray
466 1689 1115 1754 et declareray tout ce qui en a este ⁊
464 1743 1115 1800 tout ce qui en est aduenu et depuis
468 1791 1110 1854 nagueres. Si respondit le iuge. Ie
468 1831 1115 1900 uueil que si tu scez aucũe chose sur
471 1889 1113 1950 ma mere que tu diez tout. Et len-
473 1931 1115 2000 fant parle et dist au iuge. Uous
475 1987 1113 2068 ny gaignerez rien, car ie uous trou-
1127 316 1775 372 ueray encores uostre pere uiuant ꝑ
1125 360 1779 420 le tesmoing de uostre mere. Et ꝙͣt
1129 408 1779 470 ceulx du conseil louyrent ilz dirẽt
1135 462 1775 520 uecy grans merueilles; et se cõmẽ-
1129 514 1775 568 cerent a seigner. Adonc parle mer-
1129 554 1775 618 lin a la mere du iuge. Dame il cõ-
1129 600 1782 664 uient que dissiez uerite a uostre filz
1133 654 1782 714 qͥ est son pere, car ie le congnois biẽ
1131 702 1782 762 et le trouueray. Et la dame respõ
1133 754 1779 816 dit. Sathanas dyable denfer ne
1138 806 1740 862 te laige pas dit. Et il respondit.
1138 854 1779 912 Uous scauez bien certainemẽt que
1138 902 1782 958 il nest pas filz a celluy a qui il cuide
1138 945 1784 1010 estre. Et la dame fut toute espouẽ
1140 1000 1779 1056 tee; et dist. A qui est il filz. Et len-
1138 1043 1786 1112 fant respondit. Uous scauez de ue
1138 1100 1788 1156 rite que il est filz de uostre prieur a
1138 1143 1788 1208 telz enseignes que la premiere fois
1138 1195 1788 1256 que uous assemblates ensemble q̃
1140 1250 1788 1302 uous lui deistes que uous auiez pa
1138 1291 1786 1352 our destre grosse. Et il uous dist
1138 1335 1786 1402 q̃ uous nauiez garde. Adonc il mist
1142 1391 1784 1450 en escript lheure et le iour quil cou-
1140 1443 1788 1497 cha auecques uous pource quil se
1144 1485 1786 1550 doubtoit que ne couchissiez auec-
1142 1533 1790 1600 ques daultres. Et a ceste heure la
1142 1583 1790 1652 uostre seigneur et mary estoit mal
1142 1633 1790 1695 content de uous et fustes grant pi
1144 1681 1790 1745 ece en ceste discencion. Et quant
1144 1729 1790 1797 uous sceutes auoir cõceu de cellui
1146 1785 1790 1839 uoꝰ ne demourostes queres a uou
1144 1833 1786 1891 loir faire uostre paix enuers uostre
1144 1877 1754 1941 mary par le moyen du dit prieur.
1146 1929 1790 1991 Nest il pas uray dictez que nõ, car
1144 1975 1788 2062 si uous ne le confessez ie le feray cõ
