1924 2500
316 235 466 291 Merlin
81 266 735 352 fesser au prieur mesmes. Alors le
79 325 740 393 iuge fut moult yre et cource quant
79 379 735 443 il ouyt ainsi ꝑler merlin et demã-
79 425 744 495 da a sa mere se il estoit uray ce qͥl di
81 483 740 552 soit ⁊ la mere fut moult espouẽtee
81 525 742 595 ⁊ dist Dieux beau filz ueulx tu croi
81 577 740 643 re cest ennemy Et lenfant rñdit et
81 631 737 693 dist. Si uous ne uoulez cõgoistre
85 687 742 747 uerite ie diray aultre chose q̃ uous
83 735 744 804 scauez bien Et la dame se teust et
81 787 740 852 dist merlin Ie scay bien tout Uray
81 831 740 910 est q̃ quãt uous uoꝰ sentistes grosse
81 881 735 952 uous feistes q̃rre la paix dẽtre uoꝰ
83 931 746 1014 deux ꝑ le prieur ẽuers urẽ seigneur
83 987 742 1066 pour uoꝰ couurir de uostre grocesse
85 1041 748 1116 Et il fyt tant enuers uostre mary q̃
81 1093 744 1164 il uous fist coucher celle nuyt ensẽ
81 1143 742 1214 ble, et ainsi feistes entendãt au bõ
85 1191 746 1268 preuhõme q̃  lenfant estoit a lui Et
85 1247 744 1312 aussi le cuidẽt maintes ꝑsonnes. et
83 1293 746 1366 luimesmes Ueez cy urẽ filz qͥ le cui
83 1350 746 1422 de scauoir pour uray Et des lors en
85 1400 744 1468 ca uoꝰ auez ceste uie menee iusq̃s
85 1447 746 1516 icy et encores chascũ iour la menez
85 1497 742 1570 uous Et encores au matĩ quãt uoꝰ
89 1554 746 1627 partistes de uostre maison il auoit
87 1602 744 1677 couche auecques uous et uous cõ
87 1654 746 1727 uoia grant piece, et uous dist en ri
89 1704 748 1772 ant pensez dame de faire ce que uo
89 1756 748 1827 stre filz uous dira et de faire ce qͥl
89 1808 740 1879 uouldra Car il scauoit bien que ces
89 1862 589 1933 toit son filz par son escript.
204 1964 646 2037 Cõmẽt le iuge tira a ꝑt
208 2018 639 2104 merlin Et lui pria quil
1040 233 1321 293 Fueillet xiii
892 279 1294 347 lui dist qui estoit son
892 331 1296 397 pere lequel luy dist.
890 429 1436 504 QUant la mere au iuge ouyt
875 485 1436 545 ainsi parler lenfant Merlin
779 533 1440 600 elle fut fort dolente et marrie ⁊ cui
775 583 1438 643 da bien estre pugnie en lieu de lau
775 629 1440 695 tre, car elle sceut bien quil lui auoit
781 683 1436 745 dit uerite de toutes les choses que
779 733 1440 802 il lui auoit dictes et scet bien que il
777 791 1438 854 lui conuiendra confesser tout. Et
775 841 1434 910 le iuge la regarda et lui dist Belle
775 885 1438 960 mere qui que soit mon pere ie suis
777 933 1432 1006 uostre filz et dictes moy la uerite
777 987 1440 1052 et ie uous feray cõme enfant doibt
779 1041 1438 1108 faire a sa mere. Et la mere respõ
777 1100 1438 1166 dit Pour dieu mon filz ayez mer-
777 1152 1442 1214 cy de moy, certes ie ne uous puis
777 1193 1440 1264 plus celer le cas, car cestuy enfant
777 1243 1442 1310 la descouuert, car de tout ce quil
777 1293 1438 1360 a dit il dit uray. Et le iuge respõ
775 1343 1440 1416 dit. Cestuy enfant me disoit bien
775 1397 1438 1468 qui congnoissoit mieulx son pere q̃
777 1460 1440 1514 ie ne faisoie le mien. Si nest pas
777 1502 1436 1570 droit que ie face iustice de sa mere
779 1562 1436 1625 puis que ne uueil pas faire iusti-
775 1604 1432 1675 ce de la mienne. Et le iuge ap-
775 1658 1434 1720 pella merlin Et luy dist Ie te prie
775 1712 1438 1775 que ou nom de dieu et pour ton hõ
773 1764 1438 1825 neur et lhõneur de ta mere, affin q̃
771 1810 1438 1877 ie puisse descoulper ta mere deuãt
773 1864 1434 1922 le peuple que tu me uueilles dire
775 1914 1432 1977 qͥ est tõ pere. Et merlin rñdit Ie le
775 1962 1432 2027 te diray uoulentiers plus pour a-
775 2012 1429 2104 mour q̃ par force Saiches de uray q̃
1244 2102 1321 2154 Ci.
