1862 2500
469 308 1111 368 ie suis filz dung ennemy; lequel en
467 356 1105 420 gigna ma mere et la deceupt en sõ
471 408 1105 464 dormant et repaire tousiours cest
467 458 1105 518 ennemy en lair ⁊ ueulx bien que tu
464 497 1100 570 saiches que iay son pouoir et sa me
464 554 1100 610 moire ⁊ son sens, car ie scay toutes
464 595 1100 662 choses dictes et faictes et passees ⁊
464 652 1098 710 par ce scay ie les oeuures de ta me
464 702 1103 758 re. Et pource uoulut nostre seigñr
464 750 1096 804 q̃ ie sceusse les choses aduenir pre-
464 797 1100 858 sentes et passees, et men a dõne la
464 845 1103 904 puissance et uertu plus quil na fait
467 893 1071 952 a aultres creatures nez sur terre,
464 941 1100 1000 pource q̃ ma mere a fait penitance
464 989 1098 1056 de corps et de cueur et par confes
467 1043 1098 1104 sion ainsi que se proudhomme luy
462 1089 1100 1147 en a baillee labsolucion et penitan
462 1137 1098 1193 ce, et pource dieu ma donne plus
467 1191 1096 1250 que nature ne requiert a hõme de
464 1239 1084 1297 scauoir pour lamour de ma mere.
462 1283 1096 1339 Et si tu ueulx aprouuer ce q̃ ie te
462 1331 1098 1389 ditz; ains quil soit gueres de tẽps
458 1379 1096 1435 tu le scauras. Et le iuge lui demã-
460 1429 1092 1493 da commẽt le scouray ie. Lors mer-
458 1475 1096 1535 lin le tira arriere de deuant le mõ-
458 1518 1098 1585 de. Et lui dist. Saiches que ta me
458 1577 1096 1631 re contera a celluy qui ta engendre
456 1625 1098 1687 tout ce que ie luy ay dit. Et quant
456 1675 1098 1731 il le scaura il sen fouyra pour paour
460 1714 1096 1781 de toy. Et le dyable qui a tous-
458 1768 1096 1825 iours ouure entour lui a le faire pe
458 1816 1096 1875 cher le menera a ung fleuue ⁊ la se
458 1868 1094 1922 ra noye. Et ꝑ cela pourras aprou-
458 1908 1100 1975 uer que ie scay les choses a aduenir
464 1962 1096 2041 Et le iuge lui promist sil est uray ce
1132 297 1768 379 q̃ tu ditz iamais ne te demande-
1136 364 1651 422 ray riens ny a ta mere aussi.
1192 404 1580 468 Commẽt la mere de
1192 462 1578 516 merlin fut deliuree
1192 502 1580 568 de mort ⁊ comment
1192 556 1580 616 la mere au iuge sen
1192 600 1572 656 retourna en sa mai-
1194 652 1580 712 son et dist au prieur
1192 700 1580 758 tout ce que lenfant a
1188 750 1580 804 uoit dit ⁊ finablem̃t
1188 797 1580 862 comment se noya le
1190 841 1578 910 prieur de peur que il
1192 893 1570 952 eut du iuge son filz.
1232 941 1774 1004 ADõc le iuge ⁊ sa mere ⁊ mer
1157 989 1768 1058 lin se departirent du conseil
1138 1050 1774 1108 et uindrent deuant le peuple. Et
1138 1093 1772 1154 commenca a ꝑler le iuge si hault q̃
1138 1145 1770 1206 chascun le pouoit entendre et dist
1136 1187 1770 1254 Or escoutez mes seigñrs. Iauoye
1140 1245 1770 1302 faulcemẽt et mauuaisemẽt iugee
1134 1289 1772 1345 la mere de cest enfant merlin, car
1132 1337 1770 1395 il ma dit toute la uerite du cas de
1134 1383 1772 1443 sa mere ꝑ sa grant sciẽce dont il est
1132 1433 1770 1491 plain et a rescousse sa mere destre
1136 1489 1770 1541 arse et pource q̃ iay trouue cest en-
1134 1531 1772 1593 fant si saige ⁊ exent de toute miqui
1130 1583 1770 1641 te ie leur dõne conge et les absoubz
1132 1631 1770 1689 du mal q̃ on lui auoit impose sur sa
1132 1683 1770 1737 mere. Et deffens a q̃lq̃ ꝑsonne q̃ ce
1132 1733 1772 1793 soit qͥlz ne soient si hardiz de iamais
1130 1777 1768 1841 a lui ny a sa mere de leur en reprou
1130 1827 1770 1883 cher aucũe chose sur peine de grant
1130 1877 1768 1933 amẽde, car a mon escient iamais on
1130 1920 1764 1987 ne uerra plꝰ sage hõe de lui Et chas
1128 1975 1764 2050 cun qͥ louyt rñdit; dieu en soit loue
