1924 2500
83 287 744 356 car tout le peuple aimoit la fille et
81 339 742 406 en auoit grant pitie et par ceste ma
79 391 742 458 niere furẽt merlin et sa mere deli
79 445 742 510 urez et la mere du iuge demoura
81 495 742 560 encoulpee Puis enuoya le iuge sa
79 541 742 610 mere en sa maison ⁊ deux femmes
79 589 740 662 auecques elle pour rapporter nou
77 645 744 710 uelles de ce que merlin auoit dit
79 693 742 768 au iuge et si tost comme elle fut ar
77 745 742 818 riuee en son hostel elle compta au
79 800 740 875 prieur tout au long ce que merlin
79 845 742 918 auoit dit de elle et de lui dont il
79 900 742 968 fut fort espouente et ne sceut ung
79 952 740 1025 seul mot dire. Et incontinent sen
77 1000 742 1079 partit et sen alla sans dire a dieu
79 1052 742 1118 et pensa que quãt le iuge uendroit
75 1102 742 1170 la il la feroit prẽdre ⁊ la feroit mou
75 1154 740 1220 rir uilainement dont le prieur sen
77 1202 742 1283 yssit hors la uille Et tant chemina
77 1258 742 1322 quil trouua une grande riuiere et
77 1310 737 1375 dist quil ualoit mieulx quil se noy
77 1356 744 1425 ast que le iuge le feist mourir de ui
75 1412 744 1477 laine mort, et le dyable qui le ten
75 1464 744 1527 toit fist tant que il se gecta dedens
77 1510 742 1579 et se noya. Et ce uirent celles qui
79 1570 744 1639 furent auecques la dame que le iu
79 1616 744 1683 ge y auoit enuoiez. Pource deffẽt
79 1675 740 1731 le conte que nul homs qui se course
79 1718 744 1785 ou qui se yre uoulẽtiers ne fuye la
81 1772 740 1835 compaignie des gens. Car le dy
83 1822 742 1889 able repere plustost en la compai-
83 1883 742 1941 gnie dune seule personne quil ne
87 1933 744 1989 fait en la compaignie de plusieurs
87 1981 742 2037 personnes. Ainsi sen reuindrẽt les
87 2027 742 2114 deux femmes qui ceste merueille
1008 250 1298 302 Fueillet xiiii
773 285 1434 347 auoient ueue et racõterẽt au iuge
773 341 1438 400 que le prieur estoit noye et quil le a
775 389 1438 450 uoiẽt ueu noyer dõt il en fut moult
775 441 1436 508 esbahy et uint dire a merlin q̃ ce q̃
781 487 1438 554 il luy auoit dit estoit aduenu. Et
775 543 1438 604 merlin lui dist Or pouez uous ue
777 589 1438 652 oir et scauoir se ie uous ay menti
777 645 1440 712 Et pria merlin au iuge quil allast
775 697 1438 760 cõpter ceste merueille au bõ preud
773 747 1438 804 homme blaise cellui qui estoit con
777 791 1438 862 fesseur de sa mere. Et le iuge luy
775 850 1438 916 alla tout incontinẽt racompter tout
773 902 1357 968 ainsi que merlin lui auoit dit.
885 1004 1267 1064 Comment Merlin
885 1052 1269 1114 et sa mere sen uont
881 1097 1277 1164 quittes du iuge et
881 1154 1275 1220 sen Alla auecques
885 1214 1267 1268 eulx le bon homme
877 1252 1284 1318 blaise pour tousiours
879 1312 1269 1368 conseiller la dame
883 1370 1088 1422 et merlin.
890 1416 1440 1475 OR sen uont Merlin et sa me
875 1456 1442 1527 re quittes ⁊ blaise auecques
777 1514 1442 1579 eulx ⁊ le iuge sen alla daultre part
779 1564 1442 1631 en sa maison Cestuy blaise estoit
775 1620 1440 1681 ung moult bon preudoms et grant
777 1670 1440 1731 clerc et seruoit deuotement nostre
779 1731 1440 1791 seigneur. Et quãt il ouyt ꝑler mer
777 1779 1442 1841 lin qui encores estoit si petit moult
777 1825 1440 1889 fut esmerueille car il ne pouoit pẽ
777 1879 1440 1937 ser dõt tãt de sens lui pouoit uenir
775 1933 1440 1989 Si se mist en grant paine de le sca
773 1979 1438 2043 uoir ⁊ int̾rogua le dit merlin en maĩ
775 2033 1434 2112 tes manieres ⁊ merlĩ lui dist blaise
1225 2097 1329 2164 C.ii.
387 227 529 304 Merlin
