1924 2500
389 308 525 329 Merlin
79 308 733 385 mõ aieul iamais neusse eu le pou-
79 368 735 433 oir de congnoistre que dieu eust
79 414 737 483 este car elle fut moult de mauuai
81 464 735 537 se uie. Et par elle uindrent tous
79 522 733 583 les tormẽs et paines que ma mere
79 568 737 633 eut de son pere et tous les aultres
79 622 740 683 dõmaiges qui en suruindrent aĩsi
79 668 740 733 comme tu las ueu et sceu Mais en
77 720 744 787 tẽs a moy et crois ce que ie te diray
79 777 742 839 de la crance de la foy ie uueil que
79 822 740 893 tu faces ung liure que te nõmeray
81 875 735 939 car nul homs fors Dieu ne pour-
79 925 737 989 roit ne ne scauroit dire les choses q̃
79 979 740 1039 te nommeray. Et tous les gens qͥ
81 1027 742 1089 orront ce liure en feront meilleurs
81 1075 742 1147 ⁊ se garderont de pecher. Si feras
81 1131 740 1193 une grant aulmosne a mettre par
81 1177 742 1241 escript ce bien. Et blaise respondit
85 1233 744 1302 Ie feray uoulẽtiers le liure. Mais
81 1279 740 1343 ie te coniure ou nom du pere ⁊ du
83 1331 744 1397 filz et du benoist sainct esprit aĩsi
81 1381 742 1445 uraiment comme ie scay Et croy q̃
85 1441 744 1495 ces trois sont une mesme chose en
85 1485 744 1552 dieu; et de la beneuree dame qui
83 1539 744 1597 le filz de dieu porta a pere et a filz
85 1585 748 1647 et de tous ses apostres, et de tous
87 1639 744 1700 anges, et de tous archãges, et de
87 1697 748 1750 tous sainctz, et de toutes sainctes
87 1743 746 1802 et de tous les prelatz de saincte
89 1797 750 1852 eglise, et de tous bons hommes, ⁊
91 1841 748 1904 de toutes bonnes femmes, et de
89 1897 750 1954 toutes les creatures qui croient en
93 1947 752 2004 dieu et le priẽt q̃ tu ne me puisses
93 1995 742 2058 decepuoir ne engigner ne faire cho
104 2045 740 2139 se qui a nostre seigneur doiue des
1063 262 1321 322 Fueillet xu
771 318 1427 383 plaire. Et merlin respondit Tou-
769 368 1432 427 tes icelles choses de quoy tu as icy
771 420 1434 475 parle me puissent nuyre en corps ⁊
771 475 1436 529 en ame se ie te faitz faire chose qui
769 514 1434 581 contre la uoulente de iesucrist soit
773 562 1432 629 Or me ditz dont ce que tu uoul-
771 627 1436 683 dras et ie laccõpliray de bon cueur
773 677 1434 735 et de bonne uoulente, car iay encre
771 718 1429 793 ⁊ parchemin ⁊ tout ce qui est neces
769 770 1175 843 saire a ceste oeuure.
885 866 1158 935 Cõment mer
885 931 1154 991 lin racompte
892 968 1158 1035 a blaise le cõ
883 1022 1161 1087 mẽcem̃t de ce
890 1077 1136 1152 liure en brief
883 1181 1440 1245 BLaise quist encre ⁊ parchemĩ
873 1237 1442 1302 pour escripre, et quant il eut
779 1293 1440 1347 tout apreste. Merlin lui commen-
779 1347 1442 1406 ca a racompter les amours de iesu
775 1387 1440 1447 crist et de ioseph darimathie sicõ
777 1445 1442 1500 me elles auoiẽt este adalam et du
777 1489 1440 1558 perron ⁊ des aultres compaignõs
779 1535 1442 1610 sicomme ilz se estoient departiz,⁊
781 1597 1444 1652 le finissement de ioseph ⁊ de tous
777 1645 1442 1710 les aultres. Puis lui compta com-
777 1691 1442 1756 ment le dyable apres que toutes
775 1741 1438 1806 ces choses furent aduenues, prin-
777 1793 1442 1858 drent conseil entre eulx de ce quilz
781 1854 1438 1908 auoiẽt perdu leur pouoir quilz sou-
779 1900 1440 1956 loient auoir sur les hommes et sur
787 1947 1434 2008 les femmes ⁊ comment les prophe
804 2002 1436 2064 tes leur auoient dit et manifeste
798 2050 1375 2129 la uenue du sauueur iesucrist.
1215 2108 1319 2181 C.iii
