1868 2500
475 335 1113 395 Et comment ilz prĩdrent conseil cõ
475 381 1111 443 me ilz feroiẽt ung hõme qui auroyt
473 435 1109 489 leur sens et leur memoire pour de
473 483 1109 537 cepuoir les gens. Or as tu ouy par
473 527 1109 587 auant cõme ilz ont mis grant peine
475 583 1107 645 a me farre. Mais ꝑ leur folie mont
475 633 902 687 perdu a tousiours mais.
537 725 890 787 Comment merlin
533 772 896 827 commence desia a
533 825 890 881 prophetiser a blai-
535 864 892 929 se quil sera ẽuoie q̃
533 920 896 981 rir de deuers occi
531 964 892 1025 dent; ⁊ cõmẽt ceulx
533 1008 892 1079 qui le uiendrõt que
535 1070 892 1127 rir promettront a
531 1116 894 1170 leur maistre de lui
537 1160 892 1231 porter le sãg de lui
573 1252 1104 1331 AInsi deuisa merlin ceste eu-
483 1310 1102 1377 ure et la fist faire a blaise et
464 1358 1107 1422 mõlt sesmerueilloit de ce que mer-
464 1406 1107 1468 lin disoit; et toutesfoys les paro-
464 1462 1109 1516 les luy sembloient estre bonnes et
466 1504 1107 1566 belles et y entendoit uoulentiers ⁊
464 1554 1107 1618 tandis quilz entendoient a ceste eu
464 1600 1104 1662 ure merlin dist a blaise. Il te con-
462 1656 1107 1716 uiendra souffrir moult grant peine
466 1710 1107 1764 pour ceste euure acomplir et escrip
464 1756 1104 1812 re et a moy encore plus grant. Cõ-
464 1795 1104 1858 ment dist blaise. Et il lui dist. Ie se
466 1856 1104 1906 ray enuoie querir de deuers occi-
464 1900 1109 1956 dent; et ceulx qui me uendront quer
466 1943 1109 2006 re promettront ⁊ iureront a leur sei
469 1997 1104 2068 gneur quil lui porteront le sang de
1146 341 1784 397 moy; et que il me occirõt. Mais ꝙͣt
1152 389 1780 450 ilz me uerront et il me orrõt parler,
1152 431 1782 495 ilz nauront talent de me mal faire
1159 485 1786 545 Et alors ie mẽ iray auecques eulx
1152 535 1784 593 Et tu ten iras en la contree ou sont
1154 581 1786 643 les gẽs qui ont le uaissel du sainct
1146 637 1786 695 graal et tousiours seras en peine a
1144 681 1786 735 escripre ces liures; lesquelz seront
1144 733 1786 785 moult uoulentiers ouys de toutes
1146 770 1784 833 gens. Mais ilz ne seront pas en au
1144 831 1784 883 ctorite pource que tu nes pas des
1144 875 1784 929 apostres de iesucrist. Car les apo-
1144 925 1784 981 stres ne misdrent rien en escript de
1142 975 1784 1029 nostre seigneur quilz neussent ueu
1144 1020 1782 1075 et ouy. Et tu ny mettras riens que
1144 1064 1786 1127 tu aies ueu ne ouy sinon ce que ie tẽ
1142 1110 1784 1172 diray. Et ainsi cõme ie suis obscur
1140 1168 1782 1222 maintenant enuers ceulx a qͥ ie me
1140 1216 1782 1272 uourray excuser; ainsi sera ces li-
1140 1260 1784 1320 ures celez et pou aura de gens qui
1140 1314 1784 1368 ten rendront bonte ne guerdon ⁊ tu
1138 1364 1782 1420 lemporteras quãt ie men iray auec
1140 1412 1782 1468 ques ceulx qui me uendront querre
1142 1454 1778 1516 Et aussi sera le liure de ioseph a-
1140 1502 1782 1564 uecques le tien. Et quant tu auras
1138 1558 1784 1614 ta peine acheuee si seras ainsi com
1138 1600 1778 1662 me tu doibs estre en leur compai-
1140 1654 1780 1716 gnie, ⁊ lors assembleras tes liures
1140 1695 1774 1762 auecques ceulx de ioseph; affin q̃
1138 1743 1776 1808 la chose soit mieulx approuuee de
1138 1802 1778 1856 ma peine et de la tienne. Si en au
1138 1847 1778 1912 rons se dieu plaist mercy; et prirõt
1138 1893 1778 1952 ceulx qui les liront pour nous; ⁊ ꝙͣt
1138 1943 1776 2010 ces deux liures seront ensẽble se se
1136 1983 1772 2077 ra ung beau liure ⁊ si sera une mes
