1918 2500
75 310 733 377 mes chose fors tant que ie ne puis
75 362 733 427 dire ne nest raison que ie die les pri
75 410 733 477 uees parolles de iesucrist ne de io
77 462 727 539 seph, car en ce temps la nauoit en-
75 514 731 589 cores gueres eu de roys crestiens
77 564 377 631 en engleterre.
189 668 733 733 DEs roys qui auoiẽt este par
160 718 731 795 auant ie nen feray point de
75 777 735 835 memoire pour ce que ilz nauiennẽt
75 820 738 891 point icy a nostre propos. Mais qui
77 877 740 935 uouldra scauoir le nombre Et leur
75 925 735 991 uie il fauldroit aller lire en listoire
75 975 735 1041 de bretaigne que len appelle brutꝰ
75 1022 738 1089 que maistre martĩ de clocestre trãs
75 1083 738 1141 lata de latin en romant et la scau
75 1133 735 1197 rez uous le nombre des roys qui fu
77 1185 673 1254 rent en ce temps la et leur uie.
202 1275 489 1352 Icy commẽce a
193 1335 485 1402 parler du pre-
189 1385 494 1447 mier roy qui re-
187 1435 502 1500 gnoit durãt que
193 1485 496 1550 Merlin faisoit
193 1541 498 1602 escripre sõ liure
191 1633 740 1708 EN ce temps la auoit ung roy
175 1693 742 1760 qui auoit a mom constans le
83 1743 744 1812 quel engendra trois filz. Dont le
83 1797 744 1858 premier fut nomme Moines. Le se
83 1845 746 1912 cond fut nomme Pandragons. Et
83 1893 748 1962 le tiers Uters. Cestuy roy constãs
85 1952 748 2016 regna grant piece Or auoit il ung
89 2008 750 2066 saiges homs en sa terre qͥ eut a nõ
97 2056 752 2133 uertigiers, lequel estoit moult bon
1009 279 1311 327 Fueillet xui.
763 316 1428 377 cheualier et puissant et fort ingeni
765 368 1428 437 eux Le bon roy constãt estoit ia fort
763 416 1428 479 uieil et auoit fait son temps Aduĩt
760 468 1425 529 quil alla de ce siecle en lautre Et
760 520 1428 579 quant il fut mort. Si demanderẽt
763 566 1425 633 les gens du royaulme de qui ilz
765 614 1407 689 feroient leur roy ⁊ leur seigneur.
765 668 1425 739 Et la plus part du peuple et des
765 722 1423 783 seigneurs saccorderent de faire roy
763 768 1430 841 laisne des enfãs, cestoit Moines
765 818 1394 889 nonobstant quil fut moult ieune.
769 870 1432 937 Mais il nestoit pas droit de le fai
765 927 1430 985 re dung aultre, car a lui apparte-
763 979 1432 1035 noit le royaulme, et uertigiers qui
763 1029 1434 1093 estoit le plus saige du royaulme si
763 1081 1434 1145 accorda. Et quant lenfant moines
763 1127 1434 1197 fut demoure roy, ilz firent uertigi
767 1177 1434 1241 ers son seneschal par le cõsentem̃t
769 1231 1432 1289 de tous Et en ce temps la les ses-
769 1285 1436 1341 nes qui estoiẽt sarrasins guerroiẽt
769 1327 1434 1397 fort le pais et uenoient icelles gẽs
771 1385 1432 1443 desparties de romme et par plu-
771 1433 1432 1500 sieurs fois menoiẽt guerre aux cre
769 1479 1436 1550 stiẽs Or faisoit uertigiers son plai
771 1539 1434 1595 sir de toute la terre du royaulme
771 1593 1436 1647 comme sil eust este a lui ⁊ ne tenoit
767 1635 1436 1704 cõpte du ieune roy, lequel nestoit
771 1693 1434 1754 pas encores gueres saige tãt q̃ me
769 1735 1436 1806 stier lui fust. Et quant uertigiers
769 1787 1432 1852 eut amasse et desrobe tout le roy-
771 1837 1432 1904 aulme et uit que chascun nosoit al-
771 1893 1438 1952 ler a lencontre de lui, et fut moult
773 1943 1432 2006 esprins du peche dorgueil et da-
773 1993 1432 2058 uarice, si commẽca a dire quil ne
773 2045 1434 2129 se uouloit plus entremettre de la
377 241 519 325 Merlin
