1868 2500
460 352 1100 412 guerre ne du pays pource que il sca
458 395 1100 454 uoit bien que nul ne se oseroit entre
456 441 1100 502 mettre de faire ce qͥl faisoit; et lors
456 491 1098 554 se tira arriere et laissa la guerre la
458 539 1098 602 Et quant les sesnes ouyrẽt dire q̃
456 591 1098 647 le seneschal ne se mesloit plus du
456 633 1100 700 pais ne du fait de la guerre ilz fu
456 683 1100 747 rent bien aises. Si se rassemblerẽt
456 735 1098 791 et amenerent grant ost dedens le
456 781 1100 841 pais. Donc quãt le ieune roy sceut
456 827 1096 893 que les ennemis le uenoient perse
456 883 1098 937 cuter fut biẽ cource et marry et que
456 931 1098 987 sõ seneschal uertigiers auoit habã-
454 979 1098 1035 donne sa terre et aussi ses gensdar-
456 1020 1098 1081 mes; sen uint le dit roy cheux sondit
456 1070 1094 1143 seneschal uertigiers; et lui pria be-
456 1118 1096 1183 aulx amis ie uous supplie tant que
456 1168 1096 1229 ie puis q̃ nous uueillez aider a def-
456 1214 1098 1283 fẽdre nrẽ terre cõtre nos ennemis qͥ
456 1270 1090 1331 sont ia entrez en nostre royaulme,
456 1314 1098 1372 car tout le peuple uous ueult obeir
458 1360 1096 1422 et est prest a faire uostre uoulente.
460 1410 1100 1479 Si respondit le seneschal u̾tigiers
456 1460 1098 1520 en soy excusant. Et dist. Sire roy
454 1508 1098 1570 ie suis doresenauant uiel et ne me
456 1560 1096 1622 puis plus aider prenez ung aultre
456 1608 1098 1666 qui uous aidera. Les gẽs de uostre
458 1652 1100 1714 pais me haiẽt pource que ie suis en
456 1700 1100 1764 tour uostre seruice baillez leur ceste
458 1756 1096 1814 charge, car iamais ie ne men entre
460 1804 1079 1862 metray pour hõme qui men parle.
535 1893 863 1958 Comment le iune
531 1945 881 2006 roy moines fut uaĩ
533 1993 875 2070 cu en bataille des
1202 352 1613 408 sesnes pource que uer
1198 402 1609 458 tigiers auoit laisse le
1196 443 1576 510 gouuernement du
1198 495 1596 558 pays. Et comment
1198 541 1588 600 ceulx du pays prin-
1200 595 1601 652 drẽt en haine leur ieu
1200 643 1567 695 ne roy et le tuerent.
1236 733 1776 797 QUant le roy ⁊ ceulx qͥ estoiẽt
1215 789 1774 843 uenuz en la maison de uer-
1136 833 1780 895 tigiers eurent ouy la response quil
1136 883 1776 947 fist si sen retournerent et uirent biẽ
1134 937 1778 989 que il nestoyt pas possible dauoir
1138 977 1776 1037 uertigiers pour les cõduire en ceste
1134 1033 1774 1087 bataille. Si furent tous dung ac-
1136 1087 1776 1137 cord que eulxmesmes tous ensem-
1136 1133 1780 1187 ble yroient auecques leur roy pour
1134 1177 1778 1237 le deffendre, mais il estoit ieune ⁊
1134 1225 1774 1289 ne scauoit aucunemẽt encores gue
1136 1272 1776 1339 res du fait de la guerre. Lors assẽ
1136 1327 1778 1381 blerent tant de gens quilz peurent
1138 1366 1778 1429 et se misdrent en champ de batail-
1136 1416 1776 1479 le. Et quãt se uint a la sembler les
1136 1466 1778 1535 sesnes estoiẽt beaucoup plus q̃ les
1136 1516 1776 1577 aultres et les plus rusez de guerre
1138 1564 1776 1633 parquoy il conuint que le Roy moi-
1136 1616 1774 1679 nes et ses gens fussent uaincuz ⁊ ꝑ
1138 1668 1778 1720 dirent la iournee et furent descon-
1134 1706 1780 1781 fiz. Si sen fouyt le roy et le plus qͥl
1136 1756 1772 1827 peut de ses gens. Et quant ilz ui-
1129 1812 1772 1870 rent quilz eurẽt tout perdu. Le peu-
1132 1862 1772 1920 ple en fut dolent et marry et regre
1129 1904 1767 1964 toient le seneschal et disoient. He
1129 1952 1770 2014 las se uertigiers eust este pour me
1132 2006 1767 2085 ner la bataille nous neussions pas
