1924 2500
91 302 752 375 tant perdu de gens que nous auõs
93 354 750 437 Or fut ceste besoigne cy longtẽps
89 410 750 477 que les plus grãs du pais en mur
89 462 748 525 murerent et nen estoient point con
89 512 746 583 tens, car le roy ne se contenoit mye
89 560 748 629 ainsi quil deuoit enuers eulx ne ne
89 616 748 683 scauoit sa contenance parquoy fut
89 662 744 727 acueilly de plusienrs grans sei-
89 710 744 787 gneurs en haine / ⁊ soubz umbre de
87 766 748 839 bõne foy demoura ceste haine cou
89 818 748 881 uerte long tẽps, dõt chascun iour
89 870 748 937 le peuple nestoit point content du
89 916 744 983 roy et fut tenu tant du peuple que
89 970 748 1033 des seigneurs que mal se gouuer
87 1016 748 1089 noit et leur faisoit souffrir et endu
87 1068 746 1143 rer plusieurs maulx Dont commẽ
87 1116 744 1195 cerent a dire quilz ne pourroiẽt plꝰ
87 1170 748 1237 endurer de luy. Lors uindrent des
89 1218 748 1297 plus grans gens du pais uers uer
87 1270 750 1337 tigiers et lui disdrent. Sire nous
89 1331 748 1400 sommes cõme sans roy et sans sei-
89 1381 750 1447 gneur, car il ne nous fait pas ainsi
89 1425 748 1491 quil deust faire. pour dieu nous
87 1485 748 1543 uous prions que soiez nostre roy et
87 1531 746 1595 nostre seigneur et q̃ preignez ceste
89 1589 750 1645 charge et a ce nous uous aiderons
89 1633 752 1704 Car il ny a hõme en ceste terre qui
91 1689 748 1750 soit plus souffisant ne si saige que
89 1735 750 1808 uous estes pour nous bien gouuer
89 1791 746 1850 ner, ne ia hõe nentreprẽdra sur uoꝰ
93 1837 750 1902 Et il leur respondit Ii ne puis pas
93 1893 750 1952 estre uostre roy tãt q̃ messires moy
93 1952 750 2006 nes uostre roy uiue, car il est uostre
97 2002 748 2060 seigneur naturel Et ilz commẽce-
97 2045 754 2139 rẽt a dire mieulx noꝰ uaulsist qͥl fust
1036 264 1336 322 Fueillet xuii.
775 304 1442 370 mort que uif. Adonc respondit uer
779 364 1442 420 tigiers Silz le faictes mourir, car
781 406 1442 468 sil estoit mort ie seroye uoulẽtiers
783 458 1440 522 uostre roy. Mais tant que il uiue
779 512 1440 577 ie ne le puis pas estre ne ne doy A
779 568 1438 622 lors quãt les gentilz hommes ouy-
781 618 1444 681 rent les paroles de uertigiers ilz
781 664 1448 729 prindrent conge de lui et sen retour
781 718 1448 783 nerent en leur pais et machinerent
779 766 1444 827 la mort du ieune roy et quãt ilz eu
779 820 1448 883 rẽt ung peu seiourne en leurs mai
779 862 1446 929 sons. Si manderent tous les plus
779 922 1448 979 prouchains amis quilz eussent a ue
779 975 1442 1029 nir deuers eulx. Et quant ilz fu-
779 1020 1448 1081 rent uenuz si leur conterent cõmẽt
779 1075 1446 1131 ilz auoient este parler a uertigiers
779 1127 1446 1181 et la rosponce quil leur auoit faicte
781 1170 1448 1239 Et quant les aultres entendirent
781 1227 1440 1287 le parlement diceulx si dirent toꝰ
781 1279 1448 1343 ensemble cest le mieulx que nous
779 1325 1446 1387 le occiõs Et lors sera uertigiers roy
779 1383 1446 1445 ⁊ scaura biẽ que ce sera par nous et
781 1429 1448 1491 en apres ferõs de luy a nostre uou
781 1481 1444 1547 lente et aurons ce que lui deman
781 1529 1448 1591 derons, dont il conclurent ensem
779 1585 1448 1652 ble que ilz yroient douze des plus
779 1629 1446 1704 fors et des plus soubtiz Et que ilz
781 1683 1446 1745 occiroient le roy moines ¶ Apres
781 1739 1446 1800 se misdrent a chemin et uindrent
781 1795 1444 1858 la ou le roy estoit. Et quant ilz ui-
783 1850 1444 1902 rent leur bon, ilz coururent tous
785 1900 1446 1952 douze ensemble sur le roy chascun
781 1941 1440 2006 lespee tiree et la le tuerent et oc-
781 1989 1442 2056 cirẽt uilainem̃t, car il nestoit pas de
775 2043 1440 2127 deffẽce et ne estoit que ung ieune
396 297 535 325 Merlin
