1721 2500
191 258 729 312 ler. Et a tant le commande a dieu et lui
191 300 727 352 dist. Sire ie uous prie que me pardõnez
187 339 729 389 ce que ie me suis combatu a uous et que
187 377 729 429 uous scauez que ce fut cõtre ma uoulen-
187 416 725 470 te. Sire ce dist lzarados ie uoꝰ prie que
187 454 729 512 uous me pardõnez, car uous auez droit
187 495 729 550 et ie ay tort. Et ie le uous pardonne de
189 533 727 589 bõnairement fait le uieil cheualier. Si-
189 572 729 629 re fait Lrarados, ie uous prie que uous
189 612 729 662 me faciez tãt de bonte q̃ uous me dictes
189 645 729 708 uostre nom, et qui uous estes. Sire fait
187 685 727 741 le uieil cheualier, ie uous prie quil ne uoꝰ
185 729 729 781 ennuye, car ie ne uous en diray riens a
189 766 727 818 ceste fois. A tant sentre cõmandẽt a dieu
189 802 727 860 Le uieil cheualier monte sur son cheual
189 847 727 897 et se met a la uoye entre luy et la damoy
189 887 729 943 selle qui moult estoit lyee et ioyeuse de ce
191 929 729 977 quelle se uoit deliuree de si grant peril.
191 964 729 1022 Si cheuaucherent tant quilz sont uenuz
189 1000 731 1056 la ou le pere ⁊ la mere de la damoyselle es
187 1039 727 1093 toient qui illec endroit les attendoient.
193 1083 729 1135 Et quant le baron et la dame uirẽt leur
189 1118 731 1179 fille ilz nattendent pas tant quelle feust
189 1164 729 1212 a eulx uenue, ains uiennent a lencõtre.
189 1200 727 1256 La damoyselle descend de son pallefroy
187 1241 731 1287 et court a son pere et a sa mere, et les ac-
189 1275 729 1329 colle, et eulx elle. Ilz font si grant ioye q̃
189 1320 727 1370 depuis quilz furent nez neurent si grãt.
191 1358 727 1414 Si se ietterẽt a genoulx deuant les piedz
189 1397 731 1447 du cheualier ⁊ luy dirent. Sire sur tous
191 1439 731 1485 ceulx/ du monde garde dieu/ et deffende
187 1477 727 1525 le uostre corps, car uous estes lhomme
187 1516 729 1564 du monde que nous deuons mieulx ay-
189 1552 731 1608 mer. Car uous nous/ auez ostez de grãt
187 1593 729 1643 douleur et de grãt tristesse, et nous auez
189 1631 727 1685 mys en grãt lyesce. Le cheualier ne seuf
187 1668 729 1727 fre pas que ilz demourassent a genoulx-
189 1712 731 1760 ains les fait dressier erramment et leur
191 1752 729 1802 dist. Estez uous.Et puis dist au/ cheua
187 1793 729 1839 lier se il estoit ainsi naure quil ne puisse
187 1829 729 1877 cheuauchier. Sire fait le cheualier, sa-
189 1868 727 1916 chiez de uray q̃ ie seuffre assez de maulx.
189 1910 727 1958 Mais uous mauez tant donne de ioye ⁊
189 1947 727 1997 de lyesse de ma fille q̃ ie ne sens nul mal-
189 1987 729 2037 et pourray cheuaucher aiseement. Or
187 2025 727 2097 sus donc montez dist le cheualier et pen-
812 266 1345 314 sons de aller en/ quelque recet la ou nous
810 302 1248 360 pourrons herbergier et reposer.
935 377 1343 433 ATant ne font nul delayement
925 420 1341 468 mais tout maintenant mon-
916 456 1343 510 tẽt sur leurs cheuaulx, ⁊ se met
810 489 1350 545 tent a la uoye tout ensemble. Sire che-
808 529 1348 583 ualier dist le uieil cheualier au baron et
808 572 1345 627 a la dame. Scauez uous aucun recet ou
806 612 1345 662 noꝰ puissons huymais herbergier. Si-
808 647 1345 702 re fait il uroirement le scay ie, Car il est
810 691 1343 741 pres dicy. Et est a moy et a uous sil uoꝰ
808 725 1345 779 plaist, la ou uoꝰ pourrez herbergier aisee
808 768 1348 820 ment.⁊ Donc nous en allons la fait le
810 810 1333 858 uieil cheualier, car il en est bien temps.
806 845 1343 900 A tant se mirent a la uoye et cheuauche
808 885 1345 937 rent tant quilz furent uenuz au recet du
810 922 1341 977 cheualier la ou ilz se desmonterent, et les
808 964 1345 1020 uarletz les desarmerent, et trouuerent
808 1004 1343 1054 que le baron a la dame estoit naure du-
806 1043 1345 1093 rement si lyent et bendent ses playes
806 1079 1343 1133 moult bien, Car le uieil cheualier estoit
806 1118 1345 1175 bon mire. Et quant il eut bien appareil
806 1160 1345 1214 le le cheualier naure, la dame feist don-
808 1202 1345 1252 ner au uieil cheualier draps, et luy font
806 1239 1343 1293 le greigneur honneur qͥlz peuent. A tant
808 1283 1345 1335 furent les tables mises ⁊ le mangier ap-
810 1322 1345 1372 pareillie.Ilz sassieent aux tables ⁊ soup
810 1358 1343 1410 pent aisiement. La dame feist appareil-
804 1400 1343 1447 lier ung lict et le maine en une chambre
806 1433 1345 1485 et uarletz si le seruent honnorablement
808 1477 1343 1527 au couchier, et se dormit iusques au iour
808 1516 1345 1566 Et a lendemain bien matin se lyeue et
808 1556 1345 1608 prent ses armes et cõmande la dame et
808 1593 1345 1650 son mary a dieu. Et au departir luy di-
808 1637 1345 1685 rent quilz sont a son cõmandement de ce
806 1672 1343 1725 quilz pourroient faire en ce monde. Et
806 1712 1345 1762 le uieil cheualier les mercie assez. Atant
808 1756 1345 1804 montent es cheuaulx ⁊ se mirent au che
808 1791 1345 1843 min luy ⁊ ses escuiers, et cheuaucherent
806 1829 1345 1885 tant celluy iour sans auanture trouuer
808 1872 1345 1925 que la nuyt laporta par auanture chiez
806 1910 1341 1960 ung uauassour qui moult lhonnora de
806 1947 1343 1997 tout son pouoir, et le feist seruir aisee-
804 1983 1266 2050 ment de quanque mestier luy fut.
1191 2066 1245 2118 biiii
429 183 539 254 Fueillet
1141 189 1195 260 xii.
