1707 2500
491 260 925 329 QUant le matin fut uenu le uieil
452 312 921 370 cheualier se lieue et print ses ar-
385 350 923 404 mes et monta sur son cheual ⁊ cõmanda
383 383 923 441 le uauasseur a dieu, et se met au chemin
383 427 919 483 luy et ses escuiers, et cheuauche par une
385 466 923 525 grant forest tout celluy iour iusques a
385 508 923 560 midy sans auãture trouuer. Atant ont
385 541 921 597 encontre quatre cheualiers qui sont ar-
385 579 921 637 mez de toutes armes, ⁊ emmenoiẽt ung
387 618 919 677 cheualier prisonnier lye les mains de-
387 664 923 716 uant et les piedz dessoubz le uentre au
389 697 925 760 cheual, et menoient aussi une moult bel
387 743 925 793 le dame qui alloit faisant le greigneur
389 779 925 833 dueil du monde. Et quant la dame uoit
387 814 925 877 le uieil cheualier elle luy crie mercy ⁊ lui
387 858 925 912 dist. Ha franc cheualier pour dieu secou
389 900 925 950 rez cestuy cheualier qͥ est mon baron que
389 937 925 989 ces mauluais hõmes ⁊ desloyaulx main
389 979 571 1031 nent a mort.
512 1047 923 1112 QUant le uieil Cheualier ouyt
508 1093 923 1145 ainsi parler la dame et uoit q̃l-
508 1127 925 1181 le faisoit si grant dueil, et aussi
389 1168 927 1222 uoit le cheualier qui si mauuais estoit si
389 1208 925 1264 en a grant pitie, et dist tout incontinent
389 1250 923 1304 aux quatre cheualiers. Seigneurs fait
391 1289 923 1345 il pour quoy menez uoꝰ cestuy cheualier
389 1329 927 1381 et ceste dame si uilainement. Et ilz res-
391 1366 925 1422 pondirent, quen affiert il a uous se nous
389 1408 927 1460 les menõs ou bien ou mal. Ce nest mye
389 1447 925 1502 bien fait dist le uieil cheualier, si uous
389 1487 929 1539 uouldroye prier que uous deliurissiez le
389 1527 927 1579 cheualier et la dame aussi. Allez uostre
389 1566 923 1618 uoye font ilz, car nous ne les laisserons
391 1606 927 1658 pour uous ne pour hõme du monde silz
389 1647 925 1693 nõt plus de pouoir que uous. Donc les
389 1685 925 1735 laisserez uous pour moy dist le uieil che
393 1725 929 1775 ualier. Et comment font ceulx, cuydiez
393 1762 929 1812 uous auoir plus de pouoir que noꝰ qui
393 1800 927 1854 sommes quatre. Ouy urayement fait
391 1839 925 1895 le uieil cheualier, et a lespreuue en serez
393 1881 929 1937 prouchainement. A tant demande son
391 1916 927 1975 escu et son glaiue a son escuier. Et quãt
396 1960 929 2008 il est bien appareille si leur dist. Sei-
400 1997 927 2052 gneurs cheualiers or uous deffendez
398 2035 929 2112 car a la iouste estes uenuz tout mainte-
771 189 1087 264 De Gyron le courtoys
1000 264 1538 316 nant. Et quant les quatre cheualiers
998 302 1540 356 lentendent ainsi parler adonc le tiẽnent
1000 343 1538 397 pour fol quant il se ueult prendre a eulx
1002 381 1540 439 pour les cõbatre toꝰ quatre. Dont lung
1002 420 1540 472 deulx ne fait nul delayement, ains luy
1002 460 1540 512 dist. Uassal quant iouste allez querant
1000 497 1538 550 trouuee lauez tout maintenant. Apres
1000 539 1542 589 ce ne font nulle demourance, ains se ty-
1000 577 1540 629 rent arriere lung de lautre et baissẽt les
1002 616 1538 675 glaiues et fierent cheuaulx des esperõs
1000 656 1542 708 et uiennent lung uers lautre tant cõme
1002 695 1542 747 ilz peuent des cheuaulx traire. Et quãt
1002 735 1542 789 ilz uindrent au ioingdre des glaiues ilz
1002 777 1542 831 sentrefierent sur les escuz si que le cheua
1002 816 1540 868 lier brise son glaiue, et le uieil cheualier
1002 856 1544 906 le fiert si roidement quil le porte a la ter
1004 891 1544 945 re tellement attourne quil ne scait sil est
1008 937 1542 985 ou nuyt ou iour, et sen ua oultre poͬ par
1004 970 1544 1031 fournir son poingdre. Et quãt les trois
1002 1014 1544 1064 compaignons uirent ainsi aller a la ter
1004 1050 1538 1106 re leur compaignon si dirent ente eulx.
1008 1087 1544 1147 Cestuy cheualier semble de grant puis
1004 1133 1544 1185 sance, et se nous allons lung apres lau-
1002 1172 1546 1220 tre sur luy il nous mettra tous trois en
1006 1208 1542 1262 semble a la terre, Mais toꝰ trois allons
1004 1247 1544 1304 sur luy et le mettons a mort tout erram
1002 1287 1544 1339 ment. Et a ce sacorderent les trois che-
1004 1329 1542 1383 ualiers, si ne font nul delayement ains
1006 1368 1544 1420 baissent les glaiues ⁊ hurtent cheuaulx
1006 1406 1546 1458 des esperons et uiennent uers le cheua-
1002 1445 1546 1495 lier, et quant il les uit uenir en telle ma-
1004 1487 1542 1537 niere si ne les reffuse pas, ains ua cõtre
1004 1522 1540 1575 eulx le glaiue baisse au ferir des esperõs
1004 1564 1542 1618 moult hardiement. Et quant les trois
1002 1604 1546 1656 cheualiers uindrent au ioingdre ilz brise
1006 1645 1544 1693 rent leurs glaiues dessus le uieil cheua-
1006 1683 1546 1735 lier. Et le uieil cheualier en fiert ung si
1004 1722 1544 1777 roidement qͥl luy fait incõtinent Wyder
1004 1760 1544 1812 les arcons moult felonneusement. Et
1004 1797 1544 1852 les deux cheualiers qͥ demourez estoient
1004 1839 1544 1891 mirent les mains aux espees et uont cõ
1002 1875 1544 1931 tre luy moult hardiemẽt les espees nues
1010 1914 1542 1972 Et quant le uieil cheualier uit ce si bail
1004 1958 1544 2006 le sa lance a son escuier et mist la main a
1002 1995 1542 2047 lespee, et uint contre eulx moult hardie-
1004 2037 1538 2114 ment si donne au premier cheualier que
