1717 2500
172 252 710 312 il encontre si grãt coup dessus son heau
170 291 712 343 me que il luy fait sentir lespee iusques a
168 331 710 385 la chair nue et celluy en fut tant chargie
170 366 710 422 quil ne se peut tenir en selle ainsi cheut
172 406 714 462 du cheual a terre si felonneusemẽt quil
170 447 712 502 se debrise tout. Si a le uieil cheualier
168 485 708 539 tous quatre tellement atournez que ilz
168 527 710 579 ne font nul semblant de eulx deffendre
170 564 712 620 Et quãt il uoit quil les a ainsi atournez
170 604 710 656 il ne leur fait plus de mal ains sen ua
170 639 710 695 tout maintenant au cheualier et lui des
168 683 712 739 lie les piedz et les mains et le cheualier
168 720 710 777 et la dame ont grant ioye de ce quilz se
168 760 710 812 uoient ainsi deliurez et mercient assez
166 800 710 854 le uiel cheualier. Et il leur demande se
168 839 712 889 ilz se doubtoient plus de nulluy. Ouy
168 879 710 937 sire font ilz uoirement nous doubtons
168 916 710 968 nous. Et pour ce si uous prions q̃ uous
172 956 712 1010 nous conduysez iusques a nostre repai-
170 997 708 1047 re qui nest mye gramment loing dicy.
172 1035 708 1095 Uoulentiers fait le uieil cheualier, or
175 1077 710 1133 sus montez si cheuaucherons, Car ie ne
170 1114 687 1166 uous fauldray dayde a mon pouoir.
172 1143 710 1210 Grant mercys sire fait le cheualier. A
170 1187 710 1245 tant montent ⁊ se mettent a la uoye qui
170 1231 710 1283 estoit tout droit le chemin au uieil che-
172 1272 714 1325 ualier. Lors leur demande lachoison
175 1312 712 1370 pour quoy ilz les auoient prins et la ou
170 1352 710 1406 ilz les menoient. Sire fait le cheualier
172 1389 712 1441 ie le uous diray. Or saichez cer-
172 1431 714 1481 tainement que les quatre cheualiers
172 1470 710 1525 que uous auez desconfiz sont freres de
175 1510 710 1566 pere et de mere et ilz auoient encores
177 1552 712 1602 ung autre frere, et une fois trois diceulx
172 1589 712 1641 cinq freres occirent mon pere sans nul-
170 1627 712 1681 le achoison et estoie en celluy temps ieu-
172 1664 712 1720 ne uarlet. Et pour ce que ie pouoye met
172 1710 714 1762 tre main a ung cheualier tant comme ie
175 1745 714 1802 fusse uarlet men allay ie moult ieune a
170 1789 712 1839 la court au Roy artus ⁊ me feiz adou-
172 1820 712 1879 ber a cheualier assez plustost que ie neus
175 1862 714 1920 se fait se ne fust pour uengier la mort
175 1900 714 1956 mon pere. Et quant ie fuz cheualier si
177 1939 712 2000 feiz depuis tant que ie mys a mort ung
175 1981 714 2033 des trois freres. Et apres le uengemẽt
175 2022 712 2091 feiz ie requerre de pays les deux qui de
793 252 1331 302 mourez estoient et ilz ny uouldrent a
791 287 1329 337 riens entendre, mais me deffierent de
793 329 1331 379 la uie. Et quãt iay ueu ce si me suis gar
793 366 1331 416 de au mieulx que iay peu deulx, et iceulx
793 410 1333 458 cheualiers repairent bien a uingt lieues
791 447 1333 497 loing de moy. Or aduint huy que entre
791 481 1331 531 moy et ceste mienne dame allions par
791 525 1333 572 ceste forest et uoulions aller chez la me-
793 560 1331 616 re ma femme et ces quatre cheualiers q̃
791 602 1331 658 uous auez desconfiz nous ont assaillyz
791 643 1333 693 et couru sus et ie me suis deffendu au
793 683 1335 731 mieulx que iay peu, mais ma deffense ne
791 718 1335 768 ma riens ualu si mont prins et me uou
793 756 1331 812 loient mener a leur pere qui encores est
791 793 1333 847 tout uif et me dirent que deuant leur pe
793 841 1335 889 re me couperoient la teste. Tout ainsi
793 877 1333 927 est laffaire comme ie uous ay compte.
791 914 1333 968 Que uous en dyrois ie, ainsi parlant
791 954 1335 1006 cheuaucherent tant quilz furent uenus
793 1000 1335 1045 au repaire de ce cheualier la ou il se her
791 1033 1331 1083 bergierent ayseement. Et le cheualier
789 1075 1335 1122 et sa femme honnorerent le uieil cheua-
791 1112 1333 1160 lier et seruirent de tout leur pouoir. Et
791 1150 1333 1202 lendemain bien matin se leua le uieil che
793 1191 1337 1241 ualier et print ses armes, et commanda
791 1231 1335 1281 le cheualier et sa femme a dieu. Et au
791 1268 1333 1318 departement luy dist le cheualier. Si-
791 1304 1331 1360 re nous uous disons que uous estes lhõ
793 1354 1335 1400 me au monde que nous deuons mieulx
791 1391 1333 1439 aymer et tenir a seigneur. Car uous
791 1431 1331 1481 nous auez oste de grant peril et me auez
793 1466 1329 1525 rendu lame. Dont nous uous disons
791 1510 1335 1560 que noz corps et quanque nous auons
791 1547 1333 1595 est uostre et a uostre commandement, ⁊
793 1581 1331 1635 le uieil cheualier les en mercie assez. A
791 1625 1331 1679 tant se met au chemin entre luy et ses es
791 1666 1333 1712 cuyers et cheuauchent tant par leurs
791 1704 1331 1756 iournees sans auãtures trouuer qͥ face
793 1741 1329 1791 a ramenteuoir en compte tant que ilz fu
795 1777 1331 1837 rent uenus a leur hostel. Car saichez q̃
791 1822 1335 1872 la dame que il mena a lramalot si riche
793 1854 1329 1908 ment aornee quant il abatit tant des
793 1904 1331 1954 cheualiers de la table ronde estoit seur
793 1937 1331 1995 germaine monseigneur Segurades le
793 1977 1329 2037 brun et estoit niepce au uieil cheualier-
791 2018 1329 2100 et ceste dame le receut moult honnora-
402 175 510 245 Fueillet
1114 179 1175 243 xiii.
