1707 2500
373 258 917 318 blement et moult luy fist grant feste et
370 297 908 354 luy demande de son estre. Ainsi repai-
370 341 910 393 re le uiel cheualier a son hostel, et tout ce
373 379 914 435 que auez ouy aduint au uieil cheualier a
375 427 527 489 ceste foys.
468 483 910 543 OR uous ueult compter le mais-
479 533 912 591 tre qui estoit le uiel cheualier et
485 572 912 620 dont il fut ne, et comment il
373 610 914 668 manda a la court du roy artus qui il es
373 650 914 702 toit et tout son estre ⁊ son affaire. Or sa
373 691 912 743 chez q̃ le uieil cheualier estoit nõme mon
373 731 910 785 seigneur branor le brun ⁊ fut oncle mon
373 772 914 822 seigneur Segurades le brun. Car il fut
375 810 908 866 frere charnel son pere, ⁊ sut en son temps
373 847 912 900 ung des meilleurs cheualiers du mon-
373 885 912 941 de et des plus puissans, car il ny auoit a
375 927 914 979 celluy temps nul Cheualier au siecle si
375 970 912 1020 grant ne si corsu comme il estoit, et fut
370 1006 910 1054 le cheualier au mõde qͥ plus longuemẽt
370 1041 912 1093 uesquit en celluy tẽps et qui mieulx say-
370 1083 914 1135 da en son grant aage iusques a la fin et
368 1125 910 1175 estoit de la lignee a ceulx de brun dont
375 1160 912 1214 comme uous pouez scauoir par maint
370 1204 912 1250 liure qui anciennement ont este faiz di-
370 1241 910 1289 celluy lignaige ou furent les meilleurs
370 1279 908 1331 et les puissans cheualiers. Car saichez
375 1318 910 1372 que phebus qui fut tel cheualier comme
373 1358 910 1410 uous scauez et comme le monde tesmoi-
368 1395 908 1452 gne fut de celluy lignaige. Or uous ay
370 1435 912 1487 compte qui fut le uieil cheualier et dont
370 1472 914 1525 il fut ne. Or uous deuiseray comment
370 1516 912 1568 ledit cheualier le manda a la court du
375 1558 910 1606 roy artus. Or saichez que quant messi-
375 1591 912 1643 re branor le brun fut repairez en son hos-
373 1633 912 1681 tel il prĩt ung uarlet et lẽuoya a la court
373 1670 910 1720 au roy artus et luy manda telz parolles
373 1708 912 1764 comme uous orres. Et le uarlet a qui
375 1754 910 1802 son seigneur auoit enchargie la beson-
375 1789 908 1843 gne se met a la uoye et cheuauche tant
375 1827 908 1879 par ses iournees quil uint a lramalot la
373 1866 908 1916 ou il trouua le roy a grant compaignie
381 1902 908 1960 de barons et de cheualiers. Et le uar
375 1939 908 1995 let sen ua tout/ droit deuant le roy et le
375 1979 908 2033 salue, et le roy luy dist que bien fust il ue
375 2020 910 2104 nu. Sire fait/ le uarlet le uieil cheualier
990 258 1538 312 qui iousta uous et uoz cheualiers a cel-
990 302 1538 352 luy point que il auoit auecques lui la da
992 341 1538 395 me qui si richement estoit aornee uous
994 383 1538 437 salue sicomme son seigneur, et uous prie
990 420 1538 477 et crye mercy que uous luy pardonnez
992 458 1538 508 ce quil iousta a uous et a uoz cheualiers
994 502 1536 550 et si uous fait assauoir quil ne le fit pas
992 533 1536 593 pour nul mal quil uous uoulsist ne a hõ
992 572 1540 627 me de uostre hostel. Mais le fist pour sca
994 618 1538 668 uoir le pouoir des cheualiers de cestuy
992 656 1536 712 tẽps ⁊ pour congnoistre lesq̃lz estoiẽt les
990 695 1534 745 meilleurs ou les anciens ou les ieunes.
996 737 1536 785 Et pour ce que uous luy priastes de sca
994 779 1536 825 uoir son nom et son estre, or saichez que
994 814 1536 868 il a a nom monseigneur branor le brun
994 850 1534 904 le cheualier andragon et cousin hector le
996 893 1100 943 Brun.
1119 968 1531 1027 QUant le roy artus et lancelot
1125 1010 1527 1066 du lac et gauuain et tristan ⁊
1098 1050 1531 1102 tous les autres barons qui il-
992 1087 1529 1137 lecques estoient ont entendu ce que ces-
992 1129 1534 1179 tuy uarlet leur auoit compte et ont sceu
992 1166 1531 1220 q̃ cestuy cheualier estoit branor le brun
992 1208 1529 1262 si en ont tous grant merueille, pour ce q̃
990 1245 1531 1297 ilz cuydoient quil fust trespasse du siecle
994 1287 1531 1339 ⁊ pour ce que il y auoit long tẽps que ilz
992 1329 1531 1377 nen auoient ouy parler, mais mon sei-
992 1364 1529 1414 gneur segurant le brun auoient ilz bien
992 1400 1529 1456 ueu qui son nepueu estoit. Et dirẽt que
990 1443 1531 1493 uoirement fut monseigneur Branor le
987 1483 1529 1537 brun le meilleur cheualier du monde et
990 1525 1529 1572 est encores ainsi ancien comme il est, et
990 1562 1527 1610 moult en ont par tout grant merueil-
987 1597 1529 1650 le. Et le roy dist quil ueult que son nom
992 1643 1527 1693 soit mys en escript. A tant commande a
987 1677 1527 1729 ung clerc quil myst le nom du bon che-
987 1716 1527 1772 ualier entre les aduantures du iour que
985 1758 1523 1806 la/ bataille fut entre les roys les barons
987 1793 1525 1847 et les cheualiers qui contre lui iousterẽt
990 1841 1504 1893 et mesmement ceulx de la table ronde.
1110 1906 1519 1966 OR auez ouy et entendu de mon-
1100 1958 1523 2010 seigneur Branor lhistoire. Ce
1108 1993 1521 2041 sont les cheualeries et les ad-
983 2029 1519 2110 uantures quil fist derrenierement. Et
764 197 1083 258 De Gyron le courtoys
