1710 2500
168 258 711 320 saichez quil ne fist apres ceste aduantu-
168 295 709 352 re riens plus darmes. Mais a tant lais
168 341 711 395 se le maistre a parler de monseigneur
166 379 711 429 branor le brun que plus nen parle en ces-
168 414 709 472 tuy liure. Et ueult retourner ledit mais
166 456 709 508 tre Rusticiens a acomplir son liure des
166 495 709 552 merueilleuses aduantures qui aduin-
166 535 706 587 drent a plusieurs bons cheualiers du-
166 572 711 627 rãt la uie du roy artus, ⁊ traictera p̃mie
166 608 709 666 remẽt de poĩt en poĩt sãs y riens adious
166 650 709 706 ter qui ne face a dire selon les fais qui
166 693 709 745 en ce temps aduindrent des batailles ⁊
166 731 709 783 aduantures qui furent entre monsei-
168 768 709 827 gneur lancelot du lac et monseigneur
166 804 706 862 tristan de leonnois et maint autre che-
166 843 709 902 ualier ainsi comme uous orrez icy apres
168 889 675 941 clerement sil uous plaist a lescouter.
241 966 631 1020 ¶ Comment monseigneur
237 1008 633 1056 tristan de leõnois en cheuau-
239 1043 629 1100 chant parmy une forest fut
241 1085 631 1139 suprins de la nuyt tellement
243 1125 633 1175 quil lui conuint gesir emmy
237 1162 631 1218 ladicte forest. Et aussi
239 1204 636 1254 comment messire Palame-
239 1241 636 1293 des sembatit en ce lieu mes-
241 1285 638 1335 mes ou gisoit messire tristan
241 1318 627 1370 Et des complaincte que fist
248 1358 629 1414 palamedes toute la nuyt poͬ
239 1400 633 1450 lamour dyseult. Et cõment
241 1439 629 1489 ilz iousterent luy et tristan.
362 1508 702 1570 OR dit le compte que mõ-
348 1554 711 1614 seigneur tristan le filz au
352 1600 709 1656 roy melyadus de leon-
348 1639 702 1689 nois estoit uenu au roy-
342 1670 706 1725 aume de logres nouuelle
171 1716 711 1770 ment en celluy an mesmes que il auoit
168 1756 709 1810 prins a fẽme yseult aux blanches maĩs
168 1793 709 1850 si cheuauchoit parmy une forest qui es-
168 1833 713 1885 toit toute la plus grande du royaulme
171 1872 711 1922 de logres et la ou on trouuoit plus da
173 1912 711 1962 uãture. Messire tristan theuaucha tout
171 1947 713 2002 le iour sans aduanture trouuer ne hom
168 1991 709 2041 me ne femme ne maison ne recet. Et
173 2027 709 2118 quant il fut anuyte et quil ne uit plus
794 266 1330 318 goute a aller par la uoye si descendit en-
790 300 1328 352 tre plusieurs beaulx arbres et osta le
792 341 1330 393 frain et la selle de son cheual et le laissa
792 379 1326 431 aller paistre, et puist osta son heaulme ⁊
794 412 1328 466 son espee et se coucha sur son/ escu/ puis
786 454 1015 512 sendormit illec.
980 533 1320 589 ET apres ce ne demoura mye
909 572 1328 625 gramment que Palamedes le
880 600 1330 658 bon cheualier uint et descendit
788 652 1326 700 assez pres de mon seignenr tristan mais
790 687 1330 745 il ne le ueoit pas ne naperceuoit si se des
788 729 1332 779 arma de heaulme et descu et osta a son
790 770 1330 818 cheual le frain et la selle et le laissa aller
790 806 1332 862 paistre, et se coucha sur son escu pour dor
786 847 1332 900 mir. Et saichez que entre tristan et pala
788 887 1328 937 medes auoit grant hayne pour ma da-
788 916 1332 977 me yseult la royne de cornouaille laquel
786 960 1332 1012 le ilz aymoient tous deux, et celle hayne
790 1004 1330 1058 prindrent ilz en yrlande en celluy temps
790 1039 1328 1093 que ma dame yseult estoit encores pu-
786 1085 1330 1133 celle. Et quant Palame des fut couche
790 1118 1332 1179 sur son escu il ne peut dormir ains se dres
788 1162 1330 1214 ce en son estant ⁊ se commence a cõplain
786 1197 1330 1254 dre damours si durement que tristan
786 1237 1332 1291 sen esueille. Et palamedes recommen-
786 1279 1332 1329 ce son dueil en telle maniere. Haa pala
788 1320 1330 1375 medes le plus malheureux cheualier du
786 1360 1328 1412 monde que ie suis. Car ie ayme la fleur
786 1395 1332 1450 et la Rose du siecle et oncques ne men
786 1437 1328 1493 uint si non mal. Haa ma dame comme
788 1475 1328 1535 se fut de malle heure que ie uous uy pre
788 1518 1330 1570 mierement. Haa ma dame yseult roy
786 1554 1330 1606 ne uaillant et debonnaire qui de bonte
788 1593 1328 1647 et de ualeur et de sens passez toutes les
790 1629 1328 1687 mortelles dame du monde. Ha fontai
788 1672 1328 1725 ne de beaulte pour qui iay faictes main
786 1712 1328 1764 tes cheualeries, pour qui iay mis maint
788 1747 1326 1802 cheualier a oultrance pour quoy mauez
788 1787 1326 1845 uous oublie, et pour quoy nay ie ung pe
788 1829 1332 1887 tit de confort de uous ou ie feusse aussi
788 1868 1326 1920 uostre cheualier comme est Tristan, ia
788 1908 1326 1960 dieu ne me laissast porter armes se ie ne
788 1941 1330 2000 meisse au dessoubz tristan et lancelot du
786 1983 1326 2037 lac et tout le monde de cheualerie. Haa
788 2018 1328 2093 que mauldit soit le iour que Tristan fut
402 185 515 254 Fueillet
1107 191 1184 260 xiiii
