1683 2500
367 277 907 327 oncques ne, car il ma tolu la chose que
369 314 903 375 plus ayme au monde et en a tousiours
367 347 905 408 eu bien et ioye et ien ay eu mal ⁊ trauail
367 385 905 445 Moult se guermente palamedes ⁊ moult
371 431 905 485 maine grant dueil et grant courroux
367 468 905 527 et quant il eut son dueil demene une
369 510 905 570 grant piece si se teust que il nen dist plus
373 543 907 606 Et puis ne demoura mye gramment
371 583 907 641 quil recommenca son dueil de rechief
369 622 905 685 plus fort quil nauoit fait deuant et tãt
369 666 909 727 fist que tristan fut esueille et auoit bien
369 706 909 758 entẽdu ce que palamedes auoit dit. Que
369 741 911 793 uous dyrois ie toute celle nuyt demeu
373 785 911 841 re palamedes une heure en paix et une
373 822 709 881 autre demenoit dueil.
500 931 907 995 QUant tristan eut entendu tout
494 977 905 1035 ce que palamedes auoit dit, si
477 1020 909 1072 est si duremẽt yre que par ung
377 1056 909 1118 pou que il ne meurt de dueil, si ne se
373 1097 911 1158 peut tenir que il ne die a son mesme que
373 1133 911 1191 se il ne met Palamedes a la mort il ne
375 1179 911 1229 quiert iamais porter armes. En telle
373 1216 892 1268 maniere demeurent iusques au iour.
375 1256 913 1310 Et quant le iour fut uenu ⁊ palamedes
373 1291 913 1347 uit tristan tout arme qui si pres de luy a
373 1333 911 1385 uoit demoure toute la nuyt si en a trop
375 1370 911 1431 grant yre, car il cuyde bien quil ait tout
373 1410 907 1466 ouy ce quil a dit. Atant luy demande ⁊
373 1450 911 1504 luy dist. Sire qui estes uous qui si coye
375 1491 911 1541 mẽt uous estes toute nuyt tenu empres
375 1527 911 1585 moy. Uassal fait tristan saichez de uray
379 1572 915 1625 que ie suis celluy qui suis appelle tristan
375 1608 911 1660 uostre ennemy qui uous fera chieremẽt
379 1652 915 1702 achapter ce que ie uous ay ouy dire. Ha
377 1687 915 1739 tristan fait palamedes ie ne demande de
377 1727 913 1783 toy fors que la meslee. A lespreuue en se-
377 1764 913 1816 rez assez tost fait tristan. Que uous di
377 1804 915 1856 roys ie, ilz ny font nul delayement, ains
381 1843 913 1895 prennent leurs cheuaulx ⁊ leur mettent
377 1879 913 1933 les selles et les frains et puis lacẽt leurs
377 1920 917 1972 heaulmes es testes au mieulx quilz peu
381 1960 915 2014 ent et montent es cheuaulx ⁊ sen allerẽt
381 1997 915 2100 en une petite praerie qui pres dillec estoit
1132 266 1526 325 ATant ny font plus/ de delaye
1126 302 1528 362 ment ains se trayent loing
1105 350 1526 400 lung de lautre et baissent les
988 389 1530 445 glayues et fierent cheuaulx des espe-
986 427 1530 479 rons et uiennent lung uers lautre tant
988 466 1528 522 comme ilz peuent des cheuaulx traire
990 506 1530 560 Et sentrefierent sur leurs escus de tou
988 545 1528 595 te leur force si roydement que ilz font toꝰ
988 585 1530 637 deux leurs glayues uoller en pieces. Et
990 620 1528 679 apres le debrisement des glayues ilz
988 660 1530 720 sentrefierent des escus et des corps si
988 702 1530 760 felonneusemẽt ensemble que tous deux
990 741 1530 789 tomberent a terre tellement atournez
992 783 1497 837 que ilz ne scauent sil est iour ou nuyt.
992 818 1532 875 Et quant les cheuaulx se sentirent des-
990 860 1530 914 chargiez du faix si sen tournent en fuyte
992 895 1530 956 ca et la. Et quant les cheualiers eurent
990 941 1532 987 demoure a la terre une grant piece si se
988 975 1530 1029 lyeuent telz atournez que ilz alloiẽt chã-
992 1014 1530 1068 cellant ainsi comme se la terre tournast
992 1060 1530 1114 dessoubz eulx. Et puis ne demoura
990 1097 1532 1147 mie gramment quilz furent reuenuz en
990 1137 1530 1189 leur pouoir et en leur force, si ny tardent
994 1175 1530 1231 plus ains gectent leurs escus deuant
992 1216 1532 1266 eulx et mettent les mains aux espees et
990 1256 1532 1304 courent sus lung a lautre moult hardie
992 1295 1530 1345 ment et sentredonnent grans coups de
990 1327 1530 1387 leurs espees trenchans et commencerẽt
992 1372 1528 1427 une meslee moult dure et moult aspre ⁊
992 1412 1530 1462 ne se uont mie espargnant, ains mon-
990 1447 1528 1508 strent bien que ilz sont mortelz ennemis
992 1491 1528 1547 Lors peust on ueoir donner et receuoir
992 1531 1532 1585 grans coups et moult se maintiennent
990 1566 1530 1629 bien tous deux ⁊ monstrent leur pouoir
992 1604 1530 1662 Et qui laffaire de eulx deux regardast
992 1650 1530 1702 seurement il peust dire que ilz sont les
992 1689 1528 1739 deux meilleurs cheualiers du monde.
992 1725 1528 1779 Que uous dyrois ie; ilz coururent sus
992 1764 1532 1818 lung a lautre moult hardiement, et tien
990 1804 1530 1858 nent lung lautre si court quilz ne se peu-
990 1843 1528 1895 ent mie gaber gramment lung de lautre
996 1879 1530 1939 Se tristan luy donnoit grans coups pa
988 1918 1530 1972 lamedes ne lalloit mye espargnant, si q̃
996 1962 1524 2014 Tristan dist a soy mesmes que uoire-
994 2000 1526 2054 ment est palamedes le meilleur cheua-
988 2035 1528 2116 lier du monde. Et palamedes redisoit
754 208 1067 275 De Gyron le courtoys
