1710 2500
160 266 700 322 tout autre tel de tristan. Si maintin-
160 306 700 366 drent tant icelluy assault que plus nen
160 345 700 402 pouoient, car tant auoient feru et mail-
160 383 696 439 le lung sur lautre que cestoit merueilles
160 422 700 479 quilz nestoient mors tous deux. Et tãt
160 462 698 516 auoiẽt grant desir demettre lung lautre
160 502 702 552 a oultrance qͥlz nont cure de eulx reposer
162 539 579 600 pour/ recouurer alaine et force
273 614 700 672 QUant ilz estoient si las et si tra-
233 656 704 716 uaillez comme uous auez ouy a
162 689 704 747 tant uoicy uenir ainsi comme auanture
162 733 700 789 uoulut ung Cheualier qui auoit en sa
164 772 702 833 compaignie deux escuyers qui luy por-
164 810 704 872 toient son escu et son glayue. Et se aucũ
164 850 702 906 me demandoit qui cestoit ie diroye que
162 885 704 943 cestoit brandeliz le filz lac. Et quant il
164 927 702 985 est iusques a eulx uenu et il uoit quilz es
164 970 704 1029 toient si trauaillez et telz atournez quilz
166 1012 702 1066 ne pouoient mie grammmẽt combatre
166 1045 704 1108 sans la mort de lung deulx, et quilz se te
166 1085 704 1139 noiẽt si court si en a grãt pitie ⁊ leur dist
171 1129 704 1187 Seigneurs cheualiers ie uous prie que
166 1164 704 1222 uous me diez qui uous estes et lachoi-
168 1204 706 1266 son de uostre hayne pour ce que ie uoy
168 1243 706 1300 que uous uoulez mener uostre bataille
166 1285 704 1345 a oultrance. Et tristan ne palamedes
168 1322 706 1377 a tout ce que brandeliz disoit ne respon-
168 1362 709 1416 dirent mot ains coururent sus lung a
166 1400 706 1454 lautre plus asprement que deuant. Et
168 1437 704 1497 quant brandeliz si uoit quilz ne luy res-
166 1483 706 1535 pondent il ny fait nulle delayance ains
168 1516 711 1579 se met tout maintenant ainsi a cheual
168 1560 615 1610 comme il estoit entre eulx deulx.
273 1633 706 1687 SIre cheualier fait tristan uous
277 1681 706 1735 faictes grant uilenie qui nostre
260 1712 711 1768 bataille departez sans noz uou
171 1754 711 1812 lentez. Nous uous prions que uous
168 1793 715 1845 nous laissiez nostre bataille mener a fin
173 1835 709 1893 Et palamedes luy dist tout autre tel.
175 1870 709 1929 Et brandeliz prie tant lung et lautre et
173 1916 715 1970 tant dit et tant fait que il les fait rema
173 1954 713 2004 noir. Et puis leur dist. Seigneurs che
175 1993 711 2043 ualiers pourrois ie scauoir la hayne de
175 2035 711 2104 uous ⁊ la choison par quoy ie peusse met
779 268 1322 314 tre paix entre uous deux. Tristan qui
779 306 1320 354 moult auoit grant hayne sur palame-
779 343 1320 391 des de ce quil luy auoit ouy dire respõt
779 377 1324 431 a brandelis tout premieremẽt et lui dist
784 420 1324 477 Sire nostre haine est par telle achoison
784 456 1322 512 que nulluy ny pourroit mettre paix sinõ
777 500 1324 547 mort. Et lachoison ne pouez uous sca-
782 539 1324 587 uoir maintenant. Et pource uous en cõ
782 575 1320 627 uient souffrir, car du scauoir seroit pai
779 612 1322 666 ne perdue. Et palamedes saccorda bien
782 650 1324 706 a tout ce que tristan auoit dit. Car il res
782 693 1322 745 pondit tout autre tel a brandelis. Et
782 727 1324 783 quant brandelys uit quil ne pouoit met
782 772 1324 822 tre paix entre eulx si leur dist. Seigñrs
784 810 1324 860 cheualiers ie uous prie par amours que
784 847 1324 902 uous mottroyez que uous ne uous com
782 891 1326 937 batez plus en cestuy iour. Et tant les en
784 927 1324 981 prie brandelis et tant leur dit quilz luy
790 964 1324 1025 promettent que en celluy iour ilz ne se cõ
784 1008 1011 1056 batroient plus.
925 1083 1317 1141 ATant se deprat brandelys de
909 1127 1326 1175 eulx ne ne congneut mie pala-
907 1164 1326 1212 medes pour ce que il estoit ar-
788 1200 1326 1254 me ne tristan nauoit oncques ueu. Et
788 1241 1324 1291 quant brandelis sen fut party palame-
786 1283 1324 1331 des respont et dist. Sire tristan ie uous
786 1316 1324 1375 ay ouy dire de uostre bouche mesmes q̃
786 1362 1324 1412 nul ne pourroit mettre paix entre nous
786 1400 1328 1454 si non la mort. Uoire sans faille dist tri
788 1439 1328 1493 stan. Donc faisons ainsi fait palame-
786 1481 1328 1529 des et ottroyons entre nous deux une
786 1514 1322 1568 bataille au plus desuoyable lieu que noꝰ
788 1558 1328 1612 pourrons trouuer et illecques allons
786 1595 1326 1647 nous esprouuer tous seulz et faire nos-
788 1637 1328 1691 tre bataille a oultrance en telle maniere
794 1677 1330 1727 que lung de nous/ y mourra ou par ad-
790 1716 1332 1766 uanture tous deux, et ainsi fauldra nos
790 1754 1328 1804 tre hayne rancune et courroux. Sire ce
790 1791 1328 1845 dist tristan il me plaist/ bien, mais pour
790 1833 1330 1883 ce que uous auez repaire en cestuy pays
792 1866 1330 1929 plus que ie nay et scauez mieulx les des-
790 1908 1330 1960 uoyables lieux et les estranges si me nõ
792 1950 1328 2004 mez ou ce sera. Ce ueulx ie bien dist pa-
788 1987 1328 2039 lamedes, ie scay tout urayement que le
790 2027 1330 2097 perron merlin est le plus desuoyable lieu
471 191 571 258 Fueillet
1101 181 1157 264 xu
