1710 2500
168 266 704 318 uous de moy. Et quant lancelot uoit
160 304 706 356 le cheualier qui ainsi luy escrie et qui si
164 339 704 402 felonneusement luy uient a lencontre si
162 383 702 435 dist a soy mesmes quil ne peut estre que
160 414 704 475 le cheualier ne le congnoisse. Si ny fait
162 458 702 512 nul delayement, ains luy uient le glay
162 500 704 550 ue abaisse et uiennent lung uers lautre
164 537 702 597 tant comme ilz peuẽt des cheuaulx trai-
164 577 702 631 re, si sentrefierent sur les escus de toute
162 612 704 668 leur force si roidement quilz font leurs
164 654 704 712 glayues uoller en pieces. Et apres le
164 693 704 745 brisement des glayues ilz sentrefierent
166 733 706 781 des escus et des corps si roidement en-
166 770 704 831 semble quilz sentreportent a terre telle-
164 808 702 864 ment atournez quilz ne scauẽt ou ilz sõt
164 852 702 904 et demourerent une grant piece a la ter
168 891 706 945 re sans remuer ne piedz ne mains quilz
162 931 285 983 eussent.
306 1002 704 1062 APres ce quilz se furent entre a
281 1045 706 1097 batus se leuerent a chief de pie
302 1081 706 1137 ce et alloient chancelant ainsi
166 1122 706 1181 comme se la terre se remuast soubz eulx
166 1166 706 1216 et regardent lung lautre comme hõmes
168 1204 704 1260 espouentez. Et quant ilz furent retour-
166 1235 706 1297 nez en leur pouoir et force tristan dist biẽ
168 1275 709 1335 a soy mesmes quil auoit bien maĩteffois
168 1322 709 1375 esprouue palamedes, mais nulle fois ne
168 1356 709 1412 lauoit encontre si durement comme il a
168 1395 706 1460 fait a cestuy point. Et lancelot dist aus
171 1433 709 1497 si en son cueur que depuis quil auoit
168 1479 713 1535 porte armes premierem̃t il nauoit trou
168 1514 709 1570 ue cheualier qui si asprement lencõtrast
168 1554 713 1608 comme cestuy a fait et uoirement est il
168 1593 711 1652 puissant cheualier. Et quant ilz sont ue
168 1635 711 1687 nuz en pouoir ⁊ en force si ny font nul de
168 1677 711 1727 layement ains mirent les mains aux es
173 1712 709 1770 pees et gectent les escus deuant eulx ⁊
171 1754 711 1810 courent sus lung a lautre moult hardie
171 1791 690 1843 ment les espees droictes contremont.
175 1831 715 1881 Tristan gecte tout premierement sus
171 1866 713 1922 lancelot du lac et lui donne ung si grant
173 1910 713 1962 coup quil luy abat ung grant chantel de
175 1950 715 2006 son escu, et lancelot luy rend le guerdon
175 1989 715 2041 tantost. A/ tant commence la meslee du
175 2029 713 2106 re et aspre, moult sentredonnent grans
767 262 1267 314 coups et ne se uont mie espargnant.
767 304 1305 356 Que uous dirois ie ilz despiecent leurs
765 341 1303 391 escus et desmaillent leurs haubers et se
765 375 1307 435 font souuẽt sentir leurs espees es chairs
765 414 1303 470 nues, si maintiennẽt tant ce premier as
767 456 1307 512 sault quilz nen peuent plus, ne ny auoit
765 493 1307 545 nul deulx qui neust meilleur mestier de
765 531 1307 585 reposer que de cõbatre. A tant se trayẽt
765 568 1307 622 arriere lung de lautre pour recouurer a
763 610 1307 660 laine et force et sapuient sur leurs escus
767 647 1307 704 Et tristan se merueille moult a soy mes
765 685 1309 737 mes et dist que uoirement ne trouua si
765 729 1307 783 grant force ne si grant uertu iamais en
765 764 1305 825 sa uie en palamedes comme il a fait a ces
765 806 1307 864 tuy point et si urayement neust iamais
765 845 1309 900 cuyde quil eust este aussi uaillant de la
767 885 1309 937 moytie cõme il est. Et lancelot dit tout
769 918 1311 979 pareillement de luy et a grans merueil
765 964 1311 1016 les qui il peut estre, et dit bien que onc-
767 997 1311 1054 ques ne trouua si aspre cheualier ne si
767 1043 1309 1100 puissant comme est cestuy. Et quant ilz
767 1079 1309 1133 eurent recouure force et alaine tristan qͥ
767 1116 1313 1172 auoit grant hayne sur luy pour ce quil
767 1162 1311 1212 cuidoit certainement que ce fust palame
769 1197 1311 1254 des il mist lescu deuant soy et ua uers
767 1237 1311 1291 le cheualier. Et quãt lancelot le uoit ue
767 1275 1311 1335 nir si fait tout autre tel. Ainsi auoient
771 1318 1313 1372 grant yre tous deux, si luy uient a len-
767 1358 1313 1404 contre lespee en la main et courent sus
767 1395 1309 1447 lung a lautre comme se ilz fussent lye-
771 1435 1311 1491 pars ou lyons, ilz sentredonnent grans
769 1475 1311 1525 coups et commence la meslee plus aspre
771 1512 1311 1566 que deuant. Ilz baignent souuent leurs
771 1552 1311 1606 espees en leur sang, ilz despiecent leurs
769 1587 1313 1643 escus et leurs heaulmes et desmaillent
769 1631 1313 1681 leurs haulbers. Il auoient leurs armes
769 1666 1313 1720 telles atournees que pou uauldront au
775 1708 1313 1766 departir. Et saichez que toute la place
773 1747 1313 1800 ou ilz se combatoient estoit uermeille/ de
771 1785 1311 1843 leur sang et ionchiee des mailles et des
773 1829 871 1883 escus.
900 1889 1307 1954 QUe uous diroys ie qui allast
907 1939 1311 1993 regardant laffaire de lung et
894 1979 1309 2037 de lautre et les grans assaulx
777 2020 1311 2097 quilz faisoient et la dure meslee quilz
475 200 577 258 Fueillet
1096 183 1161 250 xui
