1671 2500
416 277 945 331 maintenoient bien peust dire seurement
414 318 943 370 qui sont les deux meilleurs cheualiers
416 356 945 416 du monde. Moult maintiennent le se-
414 389 945 445 cond assault dur et aspre et ny auoit nul
416 433 943 493 deulx qui neust plus de douze playes
418 475 948 525 qui toutes saingnoient. Ilz estoient tel-
412 508 943 562 lement atournez quilz ne pouoient mye
418 550 945 608 gramment en auant, et leurs espees es-
414 591 943 639 toient toutes uermeilles de leur sang.
416 625 945 687 Et lancelot qui ueoit lespee de tristan qͥ
414 666 941 718 estoit uermeille de son sang dist en son
414 702 945 758 cueur, cest de mon sang. Et tristan qui
414 741 945 806 ueoit aussi lespee de lancelot qui aussi es
412 777 948 835 toit toute uermeille disoit tout autre tel
416 825 945 872 Ainsi auoient tous deux grant yre du
414 862 943 920 sang quilz auoient en leurs espees. Lors
414 900 943 952 courent lung a lautre moult hardiemẽt
414 939 945 991 et moult asprement. Ilz sestoient telz a-
414 977 945 1029 tournez que a paine se pouoient ilz soub
412 1016 941 1068 stenir en estant tant estoient affoiblis ⁊
414 1054 943 1108 tant auoient perdu de sang. Et pour ces
412 1095 945 1147 te achoison conuint il a fine force que ilz
412 1133 943 1189 recouurassent alaine et se trayent lung
414 1175 945 1229 en sus de lautre et sapuyent sur si pou
414 1212 945 1264 descus quilz auoient. Et lancelot dist en
412 1252 939 1306 son cueur, aydez moy beau sire dieu que
412 1291 941 1343 ie ne soye desconfit mauluaisement en
410 1327 945 1383 cestuy iour, car ie uoy tout appertemẽt
412 1366 941 1422 que cestuy a qui ie me suis cõbatus nest
410 1406 941 1462 homme, mais diable, car sil fust homme
410 1445 943 1497 et ieusse autant feru sur luy comme iay
412 1481 941 1533 sur cestuy cy ie le cuydasse mainteffois
410 1527 941 1577 auoir occis, et ie uoy cestuy qui se main-
412 1560 943 1614 tient mieulx au derrenier quau premier
412 1602 945 1650 Pource beau sire dieu soit homme ou en
414 1641 941 1695 chantement aydez moy que ie ne recoy-
414 1677 720 1743 ue huy honte de mort.
531 1745 933 1808 ET monseigneur tristan dist.
529 1797 939 1847 Haa uierge pucelle priez uos-
504 1829 945 1885 tre doux filz quil soit en mon
414 1875 941 1927 ayde et quil ait mercy de mon ame, Car
414 1916 943 1964 ie uoy bien que du corps nest plus riens
412 1952 943 2002 et uoy tout appertement que ie suis ue-
414 1989 943 2041 nu a ma mort. Haa dieu comme ie suis
412 2031 943 2093 deceu mauuaisement de palamedes, car
1000 268 1539 327 ie ne cuydoie mie quil eust en luy si grãt
1004 316 1539 366 pouoir cõme ie y ay trouue a cestuy poĩt
1004 354 1537 406 car il sest tousiours maintenu moult as-
1006 393 1537 445 prement ⁊ a mon aduis il a eu tousiours
1004 433 1537 483 le meilleur de la bataille. Et quant ilz
1004 470 1537 527 se sont reposez ⁊ quilz ont assez recouure
1004 510 1535 560 alaine et force tristan se relieue tout pre-
1004 552 1539 597 mierement ⁊ dist. Or aille comme aller
1004 587 1537 633 pourra, car ie uueil parfournir nostre
1006 625 1539 677 bataille. Lors embrasse si petit descu qͥl
1004 666 1535 716 auoit par grant yre et dresse lespee con-
1004 702 1539 756 tremont et ua uers lancelot. Et quant
1002 743 1535 793 lancelot le uoit uenir il ne fait pas sem-
1004 781 1535 835 blant quil soit de riens esbahy ne espouẽ
1004 822 1539 872 te, ains met la main a lespee et luy uient
1004 862 1535 912 a lencontre moult hardiement. Mais
1006 904 1537 950 auant quilz recõmencassent la bataille
1004 937 1537 989 lancelot luy dist. Ie uoy bien que uous
1004 972 1535 1029 uoulez aller auant de la bataille iusques
1004 1018 1537 1066 a oultrance. Et quant uous uoulez ce
1004 1054 1537 1108 faire ie uouldroye que nous feissiõs une
1004 1095 1537 1145 chose cest que uous me deissiez uostre nõ
1004 1135 1535 1181 et ie uous diray le mien, pour ce que se
1004 1170 1537 1222 uous me mettez a oultrãce ou a la mort
1008 1216 1535 1268 que uous saichez qui uous aures occis-
1002 1252 1354 1306 ie de uous mesmes aussi.
1123 1327 1531 1381 QUant tristan ouyt ainsi par-
1131 1366 1535 1422 ler lancelot tout maintenant
1114 1408 1531 1460 que il uit que ce nestoit mye cel
1000 1443 1533 1497 luy quil cuydoit il respondit. Comment
1002 1485 1535 1539 nestes uous mye palamedes; Nẽny dist
1002 1522 1529 1577 il urayement ce saichez. Et qui estes uoꝰ
1000 1562 1533 1616 donc fait tristan; Sire ce dist lancelot se
1002 1602 1535 1658 uous me creancez que uous me direz uos
1002 1639 1533 1691 tre nom puis que ie uous auray dit le
1002 1679 1535 1735 mien ie le uous diray maintenant. Et
1002 1725 1537 1770 tristan luy dist. Ce uous ottroy ie bien
1000 1758 1531 1810 et me plaist assez. Or saichez fait il que
1000 1793 1535 1850 ie suis lancelot du lac appelle ne scay si
1000 1837 1533 1889 uous ouystes oncques parler de moy.
1000 1875 1533 1929 Quant tristan entent que cest lancelot
1000 1910 1535 1966 du lac lhomme au monde que il aymoit
998 1950 1533 2004 le mieulx, tout maintenant gecte a terre
1000 1987 1531 2043 son escu et son espee et sagenoille deuant
998 2033 1533 2095 luy et luy tend son espee et luy dist. Sire
775 212 1085 277 De Gyron le courtoys
